3712 5258
133 588 140 655 l

729 449 967 558 ‚28

152 737 225 785 rem.
269 715 368 809 Quod
391 717 521 796 glaciem
546 716 605 782 60⁰
622 717 751 795 latentis¹
775 716 883 780 caloris
912 716 1021 781 holere
1052 735 1088 780 eo
1113 672 1333 798 significamus,
1367 729 1399 783 ot
1425 720 1531 801 glaciei
1559 722 1697 787 cohaesio
1756 728 1766 737 ’

152 887 249 950 usque
283 865 337 944 ad⁴
357 866 497 949 liquidum
533 842 644 932 statum
679 869 895 931 comminuatur
931 871 959 930 vi
994 888 1030 932 ea
1064 887 1139 950 opus
1174 876 1238 946 est,
1256 861 1348 948 ’quae
1383 873 1457 950 vin,
1496 870 1698 953 hydrargirum

75 1099 78 1103 ,
150 1021 181 1082 in
202 1017 320 1102 aequali
341 1038 437 1100 aquae
459 1002 622 1101 quantitate
643 1038 660 1081 a
683 1016 793 1090 00-2-
812 1017 869 1082 60⁰
887 1017 1098 1100 expandentem
1120 1027 1238 1101 aequet.
1334 1029 1337 1032 '

298 1152 408 1234 ¹(lalor
429 1167 547 1232 tandem
569 1168 728 1251 specificas
749 1167 928 1249 significatio
959 1176 1008 1233 est
1036 1176 1087 1232 ant
1117 1169 1251 1249 aequalis
1277 1169 1402 1233 effectus
1416 1167 1566 1257 >differenti
1589 1172 1697 1236 caloris

21 1358 23 1362 ψ
154 1298 199 1395 ai,
234 1325 286 1381 aut
306 1317 471 1382 differentis
496 1321 627 1382 effectus·
651 1320 767 1401 aequali
800 1321 910 1383 caloris
941 1309 968 1382 vi
991 1319 1127 1401 producti
1153 1323 1183 1380 in
1205 1316 1332 1383 diversis
1353 1325 1494 1388 rnateriis.
1537 1300 1697 1387 sonneras

148 1467 282 1549 specidci
303 1433 412 1533 caloris
435 1491 500 1532 cum
523 1469 651 1552 pondera
672 1489 829 1552 corporum
851 1473 980 1533 atomico
1007 1469 1078 1533 indo
1098 1469 1226 1533 tortasse
1251 1456 1509 1549 intelligimine,
1545 1477 1572 1534 si
1593 1492 1696 1536 revera
1741 1519 1744 1522 -

151 1619 210 1680 rim
229 1597 416 1682 extensionis
448 1618 572 1682 eandem
602 1639 639 1682 ac
659 1621 767 1682 caloris
794 1624 856 1682 -vim
888 1640 958 1684 esse
978 1571 1182 1702 supponimus.
1223 1619 1300 1691 Nam
1332 1624 1358 1680 si
1382 1629 1513 1694 nostram
1535 1620 1713 1704 sequentes·
1739 1605 1748 1612 ⁸

150 1767 293 1831 theoriam
314 1768 431 1850 pondua
453 1772 610 1831 atomicum
624 1767 661 1859 ιιιι
678 1768 845 1849 siguificare
866 1744 1227 1851 censcmoesquod'certa
1249 1769 1392 1852 quaedam
1412 1771 1537 1834 alterius
1558 1729 1697 1852 materiae
1791 1823 1793 1827 ,

151 1936 238 1998 pars,
273 1938 341 1981 cum
361 1920 419 1982 ada
439 1919 564 2006 alterius
585 1922 750 1998 quantitate
771 1920 1005 2000 conjunctionem
1030 1923 1124 1996 ineat,
1157 1921 1193 1997 (i.
1219 1939 1246 1986 e.
1274 1919 1354 2001 quod
1377 1922 1525 1983 mistionis
1546 1924 1698 2003 proportio

149 2065 276 2146 indicet)
303 2075 435 2150 apertum
450 2075 517 2146 ast,
530 2071 594 2130 -vim
616 2089 693 2152 quae
713 2073 743 2132 in
764 2073 885 2133 materia
900 2073 1021 2133 minoris
1041 2067 1180 2150 ponderis
1201 2070 1318 2132 etomlci
1340 2070 1579 2156 conjunctionem
1599 2069 1698 2151 elficit,

133 2220 291 2298 rosjorem
304 2237 374 2281 esse
394 2236 441 2297 ee,
462 2221 492 2281 in
502 2223 625 2283 materia
646 2221 767 2302 majoris
788 2219 929 2303 ponderis
950 2223 1088 2298 atomicip
1102 2223 1149 2283 sia
1171 2239 1242 2300 ergo
1256 2219 1330 2281 lraac
1349 2223 1398 2282 ais
1419 2219 1499 2283 calor
1518 2226 1576 2299 est,
1594 2223 1697 2285 statim

148 2371 283 2448 sequitur
304 2369 431 2432 calorem
452 2369 625 2453 specificam
645 2374 765 2434 inverse
784 2371 1030 2454 proportionalem
1051 2390 1121 2433 esse
1139 2368 1264 2450 ponderi
1285 2372 1421 2438 atomieo.

309 2516 407 2595 Quium
428 2517 484 2578 has
506 2516 544 2578 de
565 2517 675 2579 caloris
696 2525 801 2580 natura
824 2521 980 2598 opiniones
999 2520 1030 2578 in
1052 2516 1178 2578 medium
1205 2515 1358 2604 tulissem,
1392 2537 1451 2593 non
1473 2517 1543 2581 milri
1564 2522 1594 2584 in
1616 2537 1698 2582 men·

148 2672 208 2729 tem
230 2673 360 2744 venerat,
387 2634 466 2730 iacta
486 2665 610 2748 physica
631 2667 787 2749 explicare,
807 2667 862 2729 ded
883 2668 1025 2748 principia
1044 2673 1158 2728 tantum
1180 2667 1288 2730 caloris
1305 2665 1460 2732 >doctrinae
1480 2672 1510 2730 in
1525 2665 1699 2748 dynamioac

148 2815 280 2879 theoriae
301 2815 437 2897 linguam.
451 2815 662 2910 transponendi
683 2802 844 2900 periculum
866 2818 937 2884 leui..

865 2969 892 3042 i·
931 2968 962 3036 7.

750 3103 753 3107 ⁴
795 3116 849 3180 De
876 3118 1149 3181 erectrrcitaoe.

313 3264 409 3333 lnitie·
431 3268 522 3350 liujus
553 3268 690 3351 opusculi
722 3265 926 3330 electricitatis
957 3270 1108 3331 materiam
1140 3263 1256 3328 delendi
1287 3284 1347 3327 non
1378 3284 1472 3347 posse
1489 3263 1694 3330 demonstrare

149 3420 272 3487 mamni.
312 3418 472 3500 Quaeritur
501 3421 616 3502 itaque,
647 3421 675 3483 si
709 3418 908 3501 phaenomena
944 3419 1147 3480 electrioitatis
1173 3420 1202 3479 vi
1224 3415 1321 3498 aliqua
1342 3417 1446 3479 effecta
1467 3435 1536 3479 esse
1557 3415 1693 3494 dicimus,
1713 3476 1738 3483 ,,

150 3569 202 3635 ubi
231 3570 308 3635 hanc
337 3574 396 3635 vim
427 3572 610 3650 investigare
630 3573 797 3652 possimus,
828 3574 858 3630 at
879 3587 945 3630 uum
965 3567 1024 3631 lrac
1044 3567 1159 3630 theoria
1179 3567 1378 3647 phaenomena
1399 3559 1546 3648 explicare
1567 3571 1692 3648 possint.
1789 3642 1793 3649 ‚

148 3718 211 3785 Per
244 3723 440 3799 extensionis,
473 3727 526 3783 aut
561 3741 642 3796 cara,
674 3738 750 3800 quae
784 3698 891 3798 corpus
913 3734 1003 3798 supra
1025 3716 1134 3780 limites
1155 3736 1228 3780 suas
1248 3715 1380 3782 extendit
1399 3693 1477 3793 uim,
1496 3717 1554 3779 hoc
1573 3716 1641 3780 loeo
1660 3723 1694 3779 ut
1820 3710 1824 3719 “

148 3879 236 3936 antea
255 3868 336 3953 apud
355 3867 566 3934 cohaesionem
587 3869 795 3932 electricitatis·
811 3884 971 3948 processus
991 3863 1115 3944 intelligi
1136 3884 1228 3946 posse
1249 3865 1373 3930 ridetur.

309 4018 352 4084 Si
367 4039 492 4103 corpora
512 4018 570 4084 duo
589 4021 762 4083 intermisso
783 4022 859 4081 inter
878 4037 914 4081 se
934 4017 1033 4098 spatio
1051 3986 1154 4098 aliquo
1174 4021 1254 4078 certa
1275 4016 1378 4076 uirium
1399 4017 1534 4077 tensione
1560 4020 1695 4093 utuntur,
1771 4021 1777 4033 “

57 4165 60 4170 ’
148 4172 226 4234 lanc
258 4174 423 4233 tensionem
457 4173 546 4252 spatii
580 4173 741 4233 mutatione
774 4188 862 4252 quam
881 4170 1006 4232 maximo
1025 4169 1130 4230 mutari
1152 4183 1278 4227 necesse
1298 4170 1353 4227 est.
1395 4164 1490 4243 Quam
1513 4167 1692 4242 tensionem,

150 4324 178 4385 si
199 4341 235 4385 ao
254 4341 350 4404 usque
369 4319 518 4402 procedit,
538 4327 571 4383 ut
591 4323 695 4384 virium
717 4323 919 4404 compensatio
941 4319 1082 4394 exsistat,
1102 4316 1323 4379 electricitatem
1343 4319 1535 4378 nominamus.

311 4471 419 4550 Quia
410 4491 440 4532 ιιι
475 4473 660 4552 expositione
679 4491 776 4552 nequa
795 4469 835 4535 id
846 4467 942 4532 audax
962 4465 1092 4545 ridetur,
1112 4465 1192 4548 quod
1213 4469 1317 4550 cuique
1339 4465 1452 4545 corpori
1473 4465 1612 4525 excitatio
1632 4462 1712 4528 ela--
1789 4463 1793 4468 ’

88 4652 91 4656 ’
152 4620 245 4683 cirico
277 4617 471 4741 adtribuenda
505 4629 569 4699 est,
601 4623 629 4685 si
663 4625 827 4701 cogitamus
862 4618 998 4702 quodque
1032 4637 1138 4701 corpus
1146 4618 1324 4682 chemicam
1347 4616 1435 4677 etiam
1456 4613 1693 4693 conjunctionem
1728 4639 1729 4642 ¹

150 4771 224 4834 inira
259 4787 365 4885 posse,
397 4772 486 4853 eujus
520 4791 641 4875 causam
655 4768 906 4835 electricitatcm
928 4769 1121 4852 contemplari
1142 4770 1301 4852 possimus.
1344 4728 1430 4879 Quas
1451 4784 1540 4847 quum
1560 4764 1601 4828 ita
1615 4765 1694 4842 sint,
