3712 5258
819 344 824 350 ,
894 415 966 510 aa.

61 673 68 680 ’
155 622 376 762 electrieitatim
409 683 624 748 immateriales.
665 681 884 747 Firrais'sinasaa
898 654 1128 763 'argurrsen'tram-¹
1151 683 1268 745 ederae·
1287 703 1348 746 usu
1372 690 1476 764 potest
1493 705 1591 755 rerum
1612 693 1699 753 astu

153 837 257 901 ratium
292 802 434 903 doctriua
461 821 538 917 quae
571 837 612 898 ait
642 796 778 897 essentia
813 786 892 896 lucis
923 841 953 896 et
978 840 1066 909 caet,
1092 835 1158 898 ‘ce
1178 831 1422 913 qumuaultimis
1442 839 1543 909 causis
1564 835 1613 905 lux
1630 855 1701 916 pro·

154 986 242 1048 ducta
278 989 346 1060 sit„
367 982 423 1048 sed
456 982 495 1048 ad
527 1003 595 1046 enm
630 981 736 1046 ducere
756 990 858 1066 potest
878 981 981 1060 linem,
1002 985 1129 1046 rrtvires
1150 985 1180 1043 in
1202 981 1319 1083 classes
1340 980 1514 1062 distrihuat,
1534 992 1565 1048 al
1584 966 1700 1061 {limum
1754 1004 1780 1034 2

67 1161 69 1165 ¹
157 1137 241 1216 leges
257 1139 454 1212 ·couatitaat',·
469 1134 592 1217 {qnidam
623 1121 1037 1216 phaenomenasimpliciter
1054 1086 1294 1215 '‘subjungantur.
1332 1130 1368 1196 lu
1389 1151 1425 1196 so
1440 1141 1580 1227 prensatur
1599 1138 1702 1216 coajs·
1809 1160 1812 1175 ·

152 1292 251 1363 atara,
272 1287 334 1359 nori
351 1286 657 1360 adeotatuaritatem',
672 1302 755 1364 ¹quae
772 1282 841 1345 tolli
862 1296 920 1347 nou
942 1286 1057 1360 potest,
1077 1300 1148 1344 naas
1167 1285 1278 1364 optima
1298 1248 1488 1348 scientiarum
1509 1285 1714 1363 materialium,
1804 1376 1809 1382 ι

152 1435 266 1499 theoria
300 1434 470 1498 urriaimilis
495 1427 617 1498 'tantum
652 1441 715 1509 est,
749 1388 778 1495 et
803 1453 840 1496 eo
862 1433 1049 1496 verisimilior
1069 1450 1128 1514 quo
1148 1433 1324 1514 simplicior,
1347 1452 1405 1514 quo
1425 1392 1542 1497 lucilius
1560 1434 1641 1499 laeta
1663 1457 1704 1500 es

64 1569 66 1573 ⁸
152 1584 203 1648 iila
225 1565 464 1664 cognoscuntur,
497 1604 556 1667 quo
587 1586 683 1646 rarius
714 1583 808 1661 aliae,
833 1581 942 1664 quibas
962 1585 1029 1664 ipsa
1050 1585 1175 1685 nitatur,
1197 1586 1294 1665 poscit
1315 1584 1513 1664 conjecturas.
1555 1584 1590 1648 Si
1611 1536 1700 1650 verti·

152 1755 218 1797 mira
252 1733 288 1798 el.
322 1733 487 1813 Lielrigii
521 1735 699 1795 sententiam
733 1684 811 1805 nunc
846 1748 914 1795 uera
935 1737 999 1794 est:
1027 1735 1198 1809 „materiam
1218 1753 1402 1812 cognoscere
1422 1756 1483 1798 uon
1504 1738 1700 1834 possumus3‘}

151 1903 218 1947 nam
235 1886 390 1950 ,materiae
421 1890 525 1946 natura
557 1881 669 1945 uiribus
690 1884 721 1945 in
741 1901 777 1945 ea
797 1888 827 1945 et
847 1883 877 1945 in
898 1900 963 1944 eam
984 1881 1142 1961 agentibus
1164 1885 1348 1964 perspicitur.
1390 1883 1459 1962 Qua
1480 1905 1516 1947 ex
1537 1905 1628 1984 eausa
1648 1905 1698 1951 se-

80 2127 86 2133 «
153 2037 270 2116 quitur,
301 2052 358 2094 uec
390 2034 466 2109 vim,
493 2047 553 2095 nec
573 2035 738 2109 materiam,
769 2033 864 2113 ipsam
884 2051 938 2116 per
956 2050 992 2095 se
1012 2030 1108 2094 solam
1129 2034 1240 2115 percipi
1260 2050 1368 2115 posse,
1388 1996 1512 2098 aeduis
1532 2038 1646 2098 intrans
1667 2039 1697 2100 iu

74 2132 80 2138 ¹
131 2185 301 2284 *materiam
332 2136 606 2265 revolutionesque,
637 2189 668 2245 et
697 2184 796 2246 uarios
817 2181 1066 2246 elficieosatatus
1087 2181 1175 2246 nobis
1196 2185 1354 2264 permittit,
1379 2190 1412 2245 nt
1433 2190 1463 2246 et
1484 2180 1522 2246 de
1543 2187 1588 2260 oi,
1609 2183 1696 2248 etde

152 2336 274 2396 materia
308 2334 513 2412 syllogismum
546 2331 699 2395 iaciamus.
749 2330 830 2396 luter
850 2336 909 2396 aina
930 2340 961 2398 et
981 2336 1149 2412 materiam,
1170 2339 1292 2396 naturae
1312 2327 1456 2412 iactares,
1476 2340 1510 2396 ut
1530 2335 1571 2401 ila
1593 2333 1699 2413 dicam,
1739 2332 1742 2337 ’

29 2464 32 2469 ’
70 2543 72 2549 A
118 2546 122 2559 χ
151 2489 249 2544 motas
269 2483 510 2543 intercessionem
531 2483 705 2560 interponit,
726 2488 771 2558 et,
791 2489 824 2543 ut
843 2481 959 2542 illarum
980 2489 1111 2543 naturam
1133 2464 1351 2560 agnoscamus,
1371 2480 1470 2546 efficit.

228 2604 241 2627 ⁴
307 2613 347 2691 'Si
381 2648 459 2692 nona
492 2632 663 2710 proponitur
696 2627 823 2705 theoria,
854 2631 976 2710 saepius
1005 2627 1132 2707 accidit,
1162 2636 1194 2692 at
1214 2629 1355 2692 nonnulle
1376 2629 1578 2711 phaenomena
1598 2634 1697 2712 priore
1740 2712 1742 2717 .

16 2778 25 2823 ’ἶ
151 2781 263 2844 theoria
298 2778 403 2842 melius
437 2779 633 2860 expliceutnr3
668 2776 724 2841 aed
758 2783 909 2846 inerrare
929 2797 1031 2858 esses,
1051 2783 1078 2841 si
1101 2782 1203 2842 etaiam
1225 2799 1331 2844 novam
1352 2776 1495 2844 theoriam
1515 2783 1645 2864 ineptam
1666 2789 1696 2846 et
1769 2791 1771 2794 ⁴

55 2926 58 2931 ’
149 2931 255 2998 taleam
276 2948 345 2994 esse
381 2927 584 3029 contenderes.
626 2927 790 3018 Quomodo
807 2948 884 2991 aona
904 2927 1016 2992 theoria
1033 2932 1163 3010 priorem
1184 2929 1334 3012 paullatim
1356 2931 1423 2994 loco
1444 2951 1502 2993 suo
1524 2930 1694 3011 detonuerit,
1728 2972 1750 2999 ·,

39 3049 44 3176 Ἰ
88 3051 96 3062 ⁴
150 3085 295 3164 narisque
327 3078 415 3142 lectis
446 3081 515 3169 nisa
549 3077 667 3141 taudem
702 3081 807 3141 victrix
841 3082 1001 3156 exstiterit,
1035 3070 1310 3161 exemplum'allert
1331 3083 1444 3161 optior,
1464 3100 1561 3162 neque
1582 3088 1695 3146 tantm

150 3233 293 3316 temporis
327 3226 454 3332 spatium
489 3231 661 3292 intercessit
695 3238 727 3292 ut
760 3233 802 3292 rei
837 3228 923 3291 obliti
949 3233 1054 3296 simus.
1097 3226 1222 3306 Umbra,
1243 3238 1275 3292 et
1294 3229 1323 3292 id
1345 3229 1426 3312 quod
1446 3179 1694 3316 Usquam-per
1719 3209 1733 3219 ’

150 3391 306 3463 augustam
326 3384 429 3444 rimam
449 3378 595 3460 perlucet,
620 3333 678 3442 uon
706 3376 859 3456 dilatatur,
878 3379 1014 3462 aliaeque
1034 3400 1084 3442 res
1107 3381 1249 3442 theoriam
1270 3383 1464 3443 emanationis
1484 3383 1693 3450 sustentabant

151 3552 204 3616 per
234 3528 353 3611 aliquod
387 3537 520 3611 tempus,
554 3527 610 3592 sed
635 3528 748 3593 theoria
768 3495 986 3607 modulationis,
1006 3538 1067 3592 tum
1089 3530 1261 3613 perpulchre
1284 3529 1505 3610 polarieationis
1526 3524 1559 3596 el
1577 3530 1720 3605 interic-¹

149 3686 262 3747 rentiae
295 3679 489 3761 explicatione
522 3678 649 3762 palmam
683 3680 765 3759 tulit,
792 3700 857 3743 cum
879 3687 985 3762 postea
1005 3681 1122 3743 illorum
1143 3700 1262 3762 quoqne
1283 3679 1693 3762 phaenomeoornmcausaar
1793 3734 1797 3741 .

107 3885 108 3888 η
149 3834 226 3899 hene
246 3831 436 3914 explicaret„

309 3980 431 4044 Nostris
466 3977 648 4062 temporibus
678 3979 784 4044 similis
805 3998 900 4042 rernm
922 3985 1020 4043 status
1041 3982 1072 4041 in
1094 3979 1203 4042 caloris
1223 3977 1357 4042 doctrina
1378 3985 1490 4062 exstat,
1519 3974 1594 4063 uuae
1614 3932 1693 4048 nunc
1787 4061 1788 4064 Ἴ

149 4080 192 4199 ἱιιι
215 4133 290 4198 duas
323 4131 412 4212 plane
444 4136 599 4212 separatas
634 4137 735 4213 partes
771 4128 867 4195 divisa
889 4139 956 4226 esta
972 4151 1095 4212 quarum
1115 4130 1207 4194 altera
1227 4127 1403 4192 radiationis
1425 4137 1453 4192 ot
1474 4130 1693 4213 polarisetionis
1779 4092 1784 4106 ι

149 4261 232 4349 laeto
255 4269 486 4363 cointemplatur,
510 4300 668 4364 earumque
694 4290 827 4349 naturam
847 4284 877 4344 in
899 4288 1008 4345 motum
1030 4282 1156 4361 aliquem
1178 4279 1305 4357 reducit,
1325 4281 1419 4342 altera
1440 4284 1564 4343 caeteris
1584 4281 1694 4346 caloris

151 4433 361 4517 phoenomenis
383 4439 557 4516 occupatur,
578 4452 703 4514 quorum
724 4429 763 4494 ad
783 4433 1008 4514 explicationem
1030 4433 1180 4494 materiem
1200 4431 1310 4495 caloris
1332 4411 1631 4508 (Wirmestofflsut
1650 4434 1693 4495 ita

152 4548 263 4662 dicam,
296 4585 481 4666 conjectant,
515 4589 545 4646 ct
580 4585 648 4664 quia
680 4581 732 4646 tali
752 4584 924 4662 conjectura
945 4583 1146 4665 phaenomena
1167 4582 1271 4646 maline
1293 4546 1439 4664 explicare
1458 4599 1493 4642 ee
1512 4599 1607 4664 posse
1626 4546 1691 4644 cre:
1738 4642 1744 4649 .

152 4732 241 4813 dunt,
262 4737 382 4816 etquis
403 4737 519 4800 termini
539 4734 665 4800 tectonici
685 4733 816 4800 theoriae
836 4741 936 4800 motus
949 4732 1052 4799 ednas
1071 4733 1189 4802 desunt.
1215 4731 1281 4797 Hac
1301 4730 1525 4884 terminolppiae
1538 4728 1578 4795 ad
1590 4749 1698 4802 omnes·
1823 4748 1827 4763 ·
