3712 5258
1248 386 1258 417 Ι

936 401 1041 541 oo
1109 340 1111 345 ¹

211 689 393 766 lntsositas,
424 693 455 748 et
474 658 610 746 densitas
630 683 760 744 termini
766 687 836 747 sunt
856 679 992 762 quibus
984 683 1177 742 immissionis
1203 682 1354 761 quantitas
1375 680 1583 762 significatur,
1606 660 1693 769 quam
1716 687 1755 752 ob

208 863 271 905 rem
291 843 373 905 sicut
394 841 489 917 ipsum
511 836 705 899 immissionis
727 853 833 925 nomen
854 830 1011 970 dupliciter
1030 831 1161 895 adbiberi
1185 839 1321 913 possunt.

293 958 298 965 ν
368 986 449 1050 lctus
471 982 690 1066 amplitudinem
712 982 948 1082 (Scblogwcite)¹
974 1003 1038 1045 eam
1070 989 1201 1065 eorporis
1232 983 1392 1046 ditleotrici
1420 983 1537 1071 partein¹
1554 987 1754 1069 nominamus,

150 1193 152 1196 .
205 1161 281 1227 quac
311 1146 411 1203 certae
443 1135 557 1200 cuidam
589 1137 734 1198 tensionis
766 1094 1186 1239 differbntiaeuon'amplins
1212 1138 1352 1198 resistere
1373 1142 1486 1217 potest,
1521 1156 1609 1218 quam
1630 1136 1668 1200 ob
1690 1158 1753 1201 rem
1797 1182 1800 1186 -

112 1272 115 1279 ¹
205 1297 283 1375 ictus
304 1286 468 1385 amplitudo
489 1286 599 1371 lrrnctio
622 1287 678 1363 es't,
701 1287 873 1366 quantitatis
894 1287 1041 1345 tensionis
1062 1292 1092 1346 st
1113 1276 1245 1347 isolandi¹
1261 1284 1421 1356 locultatis.

366 1444 462 1506 Antea
490 1437 643 1519 jamdini
674 1434 871 1498 mechanicam
902 1432 1108 1497 electrioitatis
1139 1440 1295 1518 praecipue
1325 1439 1474 1499 tonsionis
1508 1441 1751 1520 compensatione
1781 1430 1793 1448 ’”
1811 1441 1826 1469 ²

204 1591 415 1707 conductorprm
438 1591 592 1672 occupari,
612 1585 700 1668 -quod
721 1584 790 1648 indo
811 1592 906 1667 patet,
937 1584 1014 1666 quod
1036 1589 1134 1647 tensio
1159 1589 1188 1646 io
1211 1585 1405 1650 isolatoribus
1426 1608 1573 1670 uurrqusm
1595 1588 1750 1652 coulestim

205 1728 402 1823 adaequatur,
433 1737 487 1802 sed
509 1737 586 1819 quod
608 1757 725 1819 semper
745 1733 909 1798 conductor
929 1737 1105 1796 intervenire
1120 1702 1216 1796 debet.
1258 1733 1293 1797 st
1315 1735 1515 1800 detensionis
1536 1737 1751 1823 adaequatione

162 1971 174 1986 .
203 1895 362 1975 loquiruur,
397 1895 506 1951 motum
527 1890 704 1968 accipimus,
725 1906 812 1966 quem
839 1889 926 1978 etism
947 1884 1116 1948 lluctiouem
1146 1884 1312 1949 electricam
1337 1876 1417 1966 (sivo
1442 1889 1751 1951 cursum‘electricum

203 2040 304 2105 slelstr.
326 2039 443 2117 Strom)
476 2039 670 2102 nominamus.
712 2035 752 2098 Ut
772 2021 869 2098 autem
900 2043 988 2109 entes
1021 2032 1138 2098 modum
1170 2042 1200 2099 at
1221 2043 1355 2099 naturam
1380 1998 1496 2114 motus,
1528 2058 1587 2118 quo
1609 2041 1699 2099 utitur
1720 2046 1752 2100 et

182 2185 301 2254 'lumen
323 2199 354 2251 et
375 2190 456 2251 calor
488 2189 680 2268 contemplati
709 2206 848 2302 sumus,
863 2189 904 2248 itu
936 2174 1079 2248 eadem
1070 2205 1102 2247 ιιι
1133 2185 1325 2249 electricitate
1356 2186 1444 2257 nobis
1465 2195 1535 2250 sunt
1556 2186 1750 2268 Qexpoocnda

149 2343 157 2352 '
204 2339 268 2404 Sed
287 2344 446 2405 universae
473 2337 541 2399 buic
561 2338 728 2453 quaestioni
750 2295 922 2416 responderi
947 2334 1075 2396 nondum
1102 2343 1218 2417 potest,
1252 2355 1429 2416 quamquam
1461 2336 1569 2397 multae
1599 2336 1684 2449 leges
1712 2337 1751 2423 da

205 2498 286 2554 ntotu
307 2489 455 2599 ductionis
477 2456 660 2547 blactricae'
652 2504 682 2544 ru
703 2474 753 2543 fill>
774 2484 922 2546 metallico
943 2481 1137 2546 concludente
1159 2482 1491 2563 (Scbliessung'sdratb)
1511 2488 1648 2549 inventae
1669 2493 1752 2567 sunt,
1800 2553 1802 2557 ,

172 2667 175 2671 ·
202 2649 235 2703 u't
255 2589 418 2719 exemplum
440 2638 544 2698 afferro
562 2634 668 2694 liceat.
689 2634 917 2711 experimentum
932 2633 970 2696 cl
984 2631 1250 2717 Wheatstonei
1271 2608 1351 2699 illam
1373 2633 1469 2712 legem
1490 2634 1630 2716 aquibus
1650 2639 1750 2716 regio·
1796 2694 1807 2699 -

148 2752 151 2758 ¹
202 2789 291 2851 nibus
321 2787 466 2848 tensionis
493 2780 678 2863 adaequatio
710 2782 857 2841 exoriatur
878 2779 1095 2857 constituebat,
1122 2802 1180 2862 qua
1200 2787 1373 2908 praesertim
1394 2783 1461 2864 legs
1482 2784 1603 2847 duarum
1624 2793 1655 2848 ct
1676 2807 1749 2850 oon-

168 2982 170 2987 ι
201 2941 353 3014 traciarum
385 2893 558 2996 ductiouum
589 2935 763 2993 exsistentia
796 2931 920 3012 probata
957 2937 1013 2998 est.
1054 2929 1103 2992 De
1124 2900 1237 2993 ratione
1259 2932 1437 3024 quafluctio
1458 2955 1510 3015 per
1530 2935 1578 2998 fils
1600 2937 1752 3053 metallica
1844 2987 1846 2991 >

164 3033 171 3155 ἶ
200 3087 409 3199 concludentia
439 3091 551 3146 utatur
570 3082 758 3161 conjecturas
792 3101 910 3162 quoque
941 3080 1037 3143 laetae
1059 3090 1145 3160 sunt,
1167 3081 1412 3204 quemadmodum
1433 3083 1534 3148 fluctio
1556 3087 1725 3151 electrica
1715 3107 1747 3151 ιιι

200 3195 381 3306 torsionibus
404 3230 575 3299 cochlearils
597 3231 646 3298 fila
668 3204 875 3296 concludentia
897 3235 1052 3296 circumire
1073 3232 1189 3296 dicitur

335 3369 477 3468 'Majord
509 3390 657 3450 momento
693 3406 780 3468 quam
801 3384 918 3465 [modus
949 3392 1047 3449 motus
1079 3385 1250 3449 observatio
1272 3360 1437 3450 de‘ettsctu
1457 3395 1522 3467 est,
1542 3408 1627 3472 quem
1649 3396 1748 3455 motus

98 3629 103 3636 ἱ
199 3549 349 3631 provocat.
390 3541 451 3618 Qui
485 3540 607 3600 effectus
642 3536 853 3619 phoenomenis
884 3538 976 3616 lucis,
1010 3545 1041 3601 et
1071 3514 1197 3615 caloris,
1218 3546 1248 3601 et
1267 3545 1387 3603 actions
1405 3540 1538 3603 chemica
1559 3545 1747 3624 perspicitur,

82 3674 104 3765 ,⁸
150 3706 163 3729 ι
200 3699 227 3756 si
248 3653 458 3758 excitationem
478 3689 850 3766 uiriummogucticarum,
871 3707 992 3768 quarum
1013 3689 1171 3768 explicatio
1193 3687 1249 3750 boo
1269 3690 1335 3776 loco
1355 3711 1414 3753 nou
1434 3691 1484 3787 tt,
1497 3692 1594 3756 adbuc
1614 3687 1751 3788 practerq

202 3794 372 3925 mittamus.x
402 3843 450 3905 Dc
485 3845 601 3931 actione
621 3837 764 3917 ¹cbcmicu
796 3841 857 3921 jam
892 3847 980 3902 antea
1014 3841 1132 3904 locutos
1162 3840 1228 3904 snm
1242 3841 1300 3921 (l).
1342 3842 1479 3922 secretio
1500 3845 1561 3908 fieri
1582 3851 1697 3924 potest,
1718 3848 1757 3907 si,

183 3992 555 4093 ⁸eorpusxsecernendum
586 3991 692 4055 iisdem
728 3991 1073 4072 viribus‚eornposltum
1099 3998 1161 4072 est,
1180 3992 1290 4073 quibus
1311 4013 1389 4057 nuuc
1409 3998 1440 4058 in
1461 3997 1580 4076 siugula
1601 3997 1747 4060 clementa

86 4198 104 4223 ,
202 4143 379 4210 secernitur.
399 4174 439 4187 -

359 4291 475 4355 Lumen
496 4290 673 4385 electricom·
685 4299 715 4355 ct
735 4293 844 4359 caloris
865 4313 918 4375 per
938 4292 1159 4356 electricitatcno
1179 4296 1320 4358 excitatio
1340 4298 1451 4376 optime
1471 4317 1536 4367 cum
1557 4295 1614 4355 bec
1634 4292 1747 4358 theoria
1810 4374 1814 4378 v

201 4445 513 4556 coujungilpossunt,
554 4440 654 4536 Quum
688 4446 766 4509 anim
796 4449 942 4526 tensionis
973 4443 1149 4528 adaequatio
1170 4443 1236 4509 cu'un
1257 4451 1339 4510 motu
1360 4440 1609 4528 conjunctassso
1629 4443 1747 4523 debeat,
1786 4483 1796 4502 -.
1846 4522 1852 4530 ,-

192 4717 196 4735 ⁴
266 4719 270 4722 ⁴
362 4751 403 4819 (ι)
423 4699 515 4824 pao.
