3712 5258
168 700 266 783 petuis
298 702 416 761 concuti
447 696 663 787 vibrationibus
694 698 872 774 cogitamus.
914 698 1071 776 Augentur
1097 701 1195 758 sutem
1223 695 1352 757 tbsoriee
1379 701 1478 757 motus
1510 693 1716 772 dillicnltates,
1808 754 1812 761 .

170 853 199 913 si
220 867 328 930 corpus
349 869 385 910 ex
404 851 510 910 atomis
531 851 723 930 compositum
746 845 902 908 credimus.
944 846 1021 909 'l'nm
1043 848 1118 908 enim
1141 847 1224 910 calor
1243 845 1370 908 vibratio
1396 854 1445 908 est
1465 854 1518 908 ant
1538 853 1716 924 atomorum,

173 1005 224 1062 aut
243 998 380 1064 aetheris.
413 966 510 1099 'l’rior
530 1000 721 1081 conjunctura
742 997 1007 1081 pbaenomeuorum
1030 996 1223 1078 expansionis
1252 1000 1464 1078 expositionem
1492 999 1581 1059 nimie
1602 1004 1720 1059 contor-

103 1240 106 1245 ,
173 1160 231 1210 tam
254 1146 402 1222 ostendit,
437 1168 524 1230 quiam
547 1156 662 1212 atomos
694 1154 772 1211 inter
790 1154 888 1209 certos
909 1144 1051 1230 quosdam
1082 1144 1192 1209 limites
1223 1147 1338 1210 vibrare
1369 1166 1485 1228 nosque
1505 1149 1718 1229 expansionem

74 1347 85 1355 .
174 1300 302 1361 e'xteruis
324 1297 522 1359 vibratiouum
542 1298 686 1397 limitibus
699 1296 855 1360 adductos
876 1296 993 1374 videre,
1027 1298 1175 1378 conjicere
1199 1297 1315 1363 debeat.
1357 1297 1457 1376 Quom
1483 1305 1578 1359 autem
1607 1317 1719 1380 corpus

172 1455 289 1531 semper
309 1447 402 1525 calet,
435 1468 532 1528 usqrre
552 1446 590 1509 ed
610 1446 641 1509 id
662 1455 854 1524 momentum,
888 1466 946 1529 quo
972 1430 1063 1509 atomi
1081 1446 1249 1526 collidunt,
1283 1450 1393 1510 atomis
1424 1467 1541 1528 semper
1567 1422 1717 1530 apudcto

172 1596 401 1675 indifferentiae,
435 1594 512 1677 qrro'd
535 1595 636 1659 dicunt
657 1597 809 1673 absoluto,
842 1615 938 1677 usque
967 1595 1005 1659 ad
1026 1595 1123 1659 datam
1145 1605 1370 1681 temperaturam
1396 1597 1494 1661 vibret
1514 1618 1640 1673 necesse
1661 1605 1718 1663 est.
1805 1592 1807 1597 ⁸

174 1745 277 1828 ltaque
298 1748 532 1809 thermometrnm
556 1752 741 1808 constantem
763 1745 927 1809 osteudens
954 1754 1179 1828 temperaturam
1207 1750 1367 1810 immensas
1392 1748 1506 1830 perlicit
1526 1749 1719 1823 vibrationes,

175 1894 242 1959 dum
266 1885 487 1978 bydiirgymm
519 1916 614 1979 usque
645 1896 682 1959 ad
714 1904 854 1977 punctum
884 1895 1100 1959 indifferentiae
1127 1897 1313 1975 absolutum,
1350 1899 1430 1981 quod
1458 1899 1656 1960 verisimiliter
1688 1902 1718 1959 iu

174 2036 299 2127 'sphaera
321 2047 518 2110 tbcrmometri
539 2050 628 2113 situm
649 2056 711 2123 est,
739 2031 953 2124 contractatur,
974 2054 1005 2108 ct
1025 2067 1120 2129 usque
1141 2047 1179 2110 ad
1203 2058 1388 2130 praesentem
1411 2047 1586 2130 expanditur
1605 2055 1720 2159 temps(-

173 2202 290 2257 rsturae
310 2172 440 2274 gradum.
481 2150 569 2274 Quae
588 2152 704 2260 etiamsi
726 2201 859 2276 cogitari,
880 2203 910 2258 et
930 2217 997 2258 cum
1017 2197 1085 2260 aliis
1106 2202 1135 2259 in
1152 2203 1249 2280 optica
1264 2200 1486 2282 phoenomenis,
1508 2197 1589 2272 (cum
1612 2196 1721 2258 duran·

86 2363 89 2373 ·
175 2320 257 2407 tibus
278 2345 353 2407 lucis
374 2345 647 2427 impressionibus,)
667 2351 828 2428 comparari
847 2350 998 2445 possint,
1012 2353 1125 2409 tautum
1146 2354 1244 2409 tamen
1264 2294 1375 2410 absunt
1395 2346 1432 2410 ab
1454 2346 1591 2445 omnibus
1613 2301 1720 2409 obser.

158 2486 354 2571 'radobibus
376 2502 408 2557 ut
429 2499 551 2577 qnaeris
573 2497 741 2574 conjectura
764 2506 885 2558 naturae
907 2499 1003 2573 magis
1023 2495 1129 2558 idonea
1150 2496 1276 2559 libenter
1295 2501 1468 2579 accipiatur.

337 2643 391 2705 Sin
413 2654 510 2707 autem
533 2640 660 2705 calorem
682 2644 875 2704 vibratiouem
896 2645 1023 2704 aetheris
1045 2664 1117 2704 esse
1136 2653 1255 2724 putant,
1290 2646 1399 2707 caloris
1426 2643 1559 2726 specifici
1587 2647 1668 2708 notio
1683 2648 1719 2708 'in

177 2795 352 2853 contrarium
375 2793 442 2872 ejus
464 2794 601 2865 vertitur,
635 2790 715 2872 quod
742 2811 805 2853 eam
830 2790 938 2852 babere
958 2791 1075 2867 volunt,
1109 2813 1196 2873 quum
1224 2796 1393 2872 conjectura
1420 2795 1548 2856 aetheris
1575 2796 1721 2859 vibrantis

175 2940 301 3004 calorem
323 2940 494 3022 specificum
525 2939 637 3002 directe
668 2940 915 3022 proportionalem
948 2961 1016 3003 esse
1043 2940 1165 3022 ponderi
1190 2950 1354 3004 atomorum
1376 2943 1523 3024 probetur.
1564 2944 1658 3023 Nom,
1692 2952 1721 3010 si

174 3081 293 3172 poncium
315 3091 667 3165 atomorum‚.relativum
688 3099 851 3152 atomorum
872 3088 991 3172 pondus
1010 3092 1168 3171 significat,
1196 3096 1348 3172 graviores
1370 3092 1463 3155 moles
1485 3093 1632 3158 dilticilius
1654 3118 1719 3159 mo-

175 3215 261 3317 ueri,
278 3245 365 3321 quam
386 3241 524 3301 leuimes.
537 3249 668 3322 apertum
690 3249 750 3308 est.
790 3240 833 3304 Ut
851 3245 941 3320 igitur
960 3263 1070 3325 corpus
1091 3247 1190 3322 magni
1216 3251 1380 3306 atomorum
1402 3243 1542 3326 ponderis
1565 3245 1722 3310 calefacia-

97 3462 100 3469 ,
177 3372 369 3469 marmagne
391 3390 501 3452 caloris
523 3394 697 3471 quontitate,
718 3389 748 3453 id
772 3398 819 3453 est
839 3392 940 3455 miultis
961 3393 1186 3470 vibrationibus,
1207 3415 1284 3477 opus
1303 3401 1361 3471 eat,
1389 3393 1456 3456 dum
1478 3416 1580 3457 reuera
1603 3406 1721 3460 contra·

173 3495 252 3603 rium
271 3538 395 3616 accidit,
430 3547 460 3602 et
493 3541 573 3602 calor
603 3526 763 3620 specificas
794 3504 911 3606 inverse
931 3545 1162 3625 proportionalis
1193 3552 1240 3608 eet
1263 3544 1386 3628 ponderi
1406 3552 1588 3625 atomorum,
1622 3547 1718 3627 legem

74 3769 77 3775 p
173 3698 328 3771 sequens,
356 3693 471 3753 etiamsi
503 3690 577 3754 baec
608 3692 804 3755 universalem
825 3693 942 3791 ¹quidem
967 3693 1138 3774 dignitatem
1161 3695 1340 3762 nonhabet.
1381 3696 1719 3778 Dynamicaetbcoriae

176 3848 320 3903 constans
342 3843 452 3905 coloris
474 3840 604 3904 conditio
625 3841 721 3906 lecilis
738 3851 790 3905 est
810 3845 972 3922 intellectu,
992 3866 1080 3926 quum
1101 3866 1136 3908 ea
1151 3847 1334 3926 sigiriicetur
1354 3848 1484 3910 calorem
1506 3853 1637 3930 corporis
1657 3852 1717 3912 vim

176 3992 362 4052 extensionis
382 4002 483 4056 contro
504 3996 679 4073 gravitatem
701 3997 869 4075 quantitate
884 3995 985 4077 aliqua
1006 4000 1141 4074 auxisse,
1172 4018 1268 4081 eoque
1289 4002 1377 4062 aliam
1398 4002 1503 4063 virium
1525 4000 1716 4063 stabilitatem

154 4131 324 4215 'aduttum
344 4161 434 4220 qnare
455 4113 484 4204 et
506 4148 646 4224 expansio
667 4144 725 4205 boc
745 4164 891 4225 processu
911 4149 1072 4232 exponitur.

201 4328 209 4339 .
335 4285 371 4351 st
392 4288 517 4351 calidum
540 4315 648 4374 corpus
670 4317 687 4356 a
709 4294 858 4374 frigidiore
878 4262 1003 4358 circuitu
1024 4297 1235 4362 circumdatum
1257 4307 1320 4377 est,
1344 4305 1437 4384 prima
1459 4308 1489 4367 et
1509 4306 1631 4363 naturae
1652 4300 1740 4386 ido·‘

171 4456 228 4501 sea
248 4416 357 4523 ⁴virium
376 4444 411 4502 in
429 4460 552 4522 corporo
573 4446 721 4519 agentium
743 4450 817 4507 ratio
839 4448 958 4511 sublata
979 4455 1037 4526 est,
1057 4457 1088 4512 et
1107 4459 1228 4533 propter
1248 4451 1324 4517 burte
1337 4452 1532 4518 turbationem
1553 4454 1714 4530 aequitatis

171 4592 338 4683 portionum
360 4590 488 4653 calorem
509 4591 604 4655 radiat
624 4612 749 4674 corpus,
780 4604 810 4656 et
840 4601 1047 4680 aequilibrium
1075 4604 1251 4665 restituitur.
1292 4603 1359 4664 lloc
1390 4622 1465 4681 ergo,
1485 4622 1576 4667 sensu
1597 4624 1716 4686 semper

168 4736 369 4831 lulactione·
385 4747 435 4806 eet
467 4740 592 4825 quodvis
614 4729 733 4827 corpus,
754 4753 915 4831 perpetuus
935 4748 1023 4815 adest
1042 4754 1145 4814 uirium
1167 4753 1261 4829 lusus,
1282 4755 1331 4833 qui
1354 4752 1456 4814 eodem
1479 4753 1565 4815 modo
1587 4755 1712 4834 intelligi

88 4830 97 4847 Ι

95 4962 142 5011 s.
