3712 5258
857 384 860 391 ’
901 435 1004 532 ,17

177 670 342 803 dupliciter
355 702 440 767 densi
461 704 539 767 alitis
564 700 672 783 duplex
692 705 833 784 qnantum
853 659 1040 768 absorbetur.
1079 698 1142 763 Sed
1173 664 1224 764 ei'r
1254 711 1359 784 equam
1384 708 1519 783 penetrat
1549 701 1596 765 rel
1619 711 1721 772 utres
1770 750 1781 784 ·,

176 853 285 929 aliena,
306 854 476 916 mechanico
497 860 611 916 tantum
624 855 789 934 quessione
810 855 836 913 ei
852 856 1012 932 ingestus,
1032 872 1094 914 nou
1110 852 1244 915 chemioe
1265 854 1442 932 conjunctus
1462 855 1483 920 i.
1504 873 1529 917 e.
1552 825 1723 935 cohaerens,

170 1021 237 1065 uam
260 1008 287 1064 si
309 1008 425 1084 pressio
448 1003 691 1081 cedii,·exteuaio
713 1007 817 1065 iterum
838 1021 924 1096 suem
945 1003 1009 1080 rim]
1022 1001 1139 1083 proluat,
1157 1010 1192 1066 et
1212 1003 1339 1066 alienum
1360 1003 1490 1083 expellit,
1511 1024 1600 1085 quum
1620 1012 1717 1071 acrem
1764 1006 1773 1015 '

23 1122 25 1126 Ι
50 1212 53 1217 ,
166 1155 325 1234 fugientem
347 1152 510 1222 videamus.

191 1328 197 1347 ι’
244 1331 252 1339 *
326 1304 532 1382 Quantitativa
552 1307 707 1384 utriusque
727 1306 757 1365 in
781 1322 902 1385 corpore
921 1305 1039 1382 egentis
1060 1305 1108 1366 vis
1129 1305 1263 1366 variante
1283 1307 1397 1366 ratione
1424 1303 1511 1366 nobis
1545 1305 1634 1366 etiam
1667 1327 1718 1366 ex·
1830 1321 1837 1335 ‘

162 1456 339 1536 pensionem
369 1453 520 1517 declarare
551 1458 720 1536 possumus.
762 1453 796 1514 Si
826 1455 872 1514 vis
895 1451 1038 1534 quaedam
1057 1455 1090 1514 iu
1112 1472 1236 1534 corpore
1256 1452 1359 1517 ellicus
1380 1462 1429 1517 est
1449 1456 1639 1545 gravitatioui
1662 1473 1716 1535 op-

145 1607 263 1686 ¹[nostia
283 1595 316 1670 e.'
330 1624 373 1683 gr.
396 1604 492 1681 calor,
513 1601 590 1665 idem
611 1611 659 1664 est
679 1605 801 1664 effectus
823 1622 860 1665 ac
880 1605 907 1663 si
929 1606 976 1663 vie
998 1605 1179 1665 extensionis
1199 1604 1395 1686 multiplicata
1419 1612 1480 1680 est,
1514 1624 1582 1665 eram
1608 1608 1715 1684 corpus
1793 1656 1800 1674 ,,

86 1817 96 1825 ,
156 1753 346 1846 ,οιριιιιιῌῐιιι
387 1754 442 1817 Sin
462 1763 561 1815 antem
582 1757 629 1814 vis
649 1757 679 1815 iu
701 1771 810 1832 conpos
830 1755 894 1830 ugit
915 1755 1078 1814 extensioui
1101 1757 1257 1834 opposita,
1278 1775 1305 1821 e.
1326 1775 1370 1833 ge.
1391 1759 1469 1816 aisis
1489 1758 1619 1836 pressio,
1633 1752 1709 1816 idem

161 1883 301 1980 elficilur,
332 1923 369 1966 ac
397 1904 428 1964 si
458 1906 617 1991 grauitatio
645 1902 839 1982 multiplicata
860 1909 923 1978 est,
944 1922 1010 1964 uam
1032 1912 1140 1982 corpus
1163 1903 1358 1968 contrahitur.
1399 1902 1471 1966 Vim
1491 1907 1549 1966 nisi
1570 1923 1623 1984 per
1643 1904 1712 1966 elie-

162 2059 242 2113 ctum
276 2073 459 2132 cognoscere
477 2000 552 2113 1ιιοιι
585 2000 758 2132 possumus.
799 2049 903 2131 ltaque
936 2054 963 2112 si
998 2051 1189 2130 intelligimus
1223 2057 1303 2114 vires
1324 2057 1452 2131 mutatas
1474 2004 1659 2116 uisi'ellcctu
1680 2057 1708 2113 in
1777 2062 1781 2069 “
1817 2104 1820 2111 .

160 2205 284 2264 materia
305 2202 430 2280 intelligi
452 2223 511 2263 non
533 2221 641 2282 posse,
663 2208 693 2261 et
714 2203 945 2279 interrogamus:
966 2153 1070 2282 quales
1091 2201 1120 2262 hi
1140 2204 1202 2263 sint
1221 2204 1361 2280 ellectns,
1388 2223 1505 2283 semper
1526 2205 1710 2264 inveniemus
1731 2292 1746 2315 Ι

176 2295 197 2337 n
492 2324 495 2328 ,

62 2384 64 2389 ⁴
158 2371 212 2415 eos
242 2356 274 2415 in
304 2361 386 2441 motu
421 2338 572 2414 contineri.
612 2350 689 2413 Noui
710 2353 737 2413 si
760 2350 848 2412 ullum
871 2354 1012 2412 materiae
1032 2351 1256 2432 phaenomeuon
1276 2350 1422 2428 „durum“
1443 2356 1626 2431 nominatur,
1647 2373 1709 2416 nou

159 2499 241 2583 aliud
272 2500 328 2561 hoc
358 2466 476 2567 nomine
507 2497 705 2575 significatur,
728 2517 816 2578 quam
842 2501 889 2557 via
910 2496 1052 2576 quaedam
1075 2502 1205 2579 corporis
1225 2499 1339 2560 fortiter
1360 2507 1460 2581 contra
1481 2504 1707 2582 impressionem
1850 2541 1855 2550 ι

155 2669 341 2731 repuguaus3
362 2657 414 2709 aut
435 2665 544 2724 corpus
563 2645 712 2723 „luceus“
732 2649 913 2722 nominatur,
934 2649 962 2706 si
983 2651 1045 2723 vie,
1065 2666 1141 2726 quae
1162 2648 1260 2756 lumen
1282 2650 1394 2726 giguit,
1415 2649 1608 2712 stabilitatem
1627 2654 1705 2714 intes

55 2804 59 2809 ’
99 2754 104 2762 ¹
156 2802 223 2878 ejus
244 2801 398 2874 materiae,
419 2817 506 2877 quam
527 2797 624 2857 lumen
645 2796 824 2873 translucet,
845 2798 925 2858 vires
947 2803 1147 2873 constantem,
1165 2802 1271 2860 mutet.
1323 2873 1328 2883 ,

316 2949 424 3028 Qualis
456 2951 497 3010 sit
529 2955 627 3009 motus
659 2956 743 3008 ortus
774 2967 844 3008 num
878 2947 1048 3008 rectilineus
1078 2966 1116 3008 au
1138 2944 1286 3013 nudulans
1306 2949 1468 3026 posteriori
1488 2949 1576 3010 alicui
1597 2949 1704 3014 ohser-

155 3102 265 3163 vatioui
286 3055 473 3181 relinquitur,
509 3097 545 3161 Si
566 3101 669 3177 igitur,
690 3104 724 3159 ut
743 3117 831 3178 spero
852 3096 908 3158 hae
929 3097 1074 3172 theoriae,
1095 3104 1125 3158 et
1146 3095 1184 3158 de
1205 3098 1344 3157 materiae
1372 3099 1582 3172 continuitate,
1615 3105 1643 3159 et
1666 3097 1702 3160 de

153 3250 277 3314 virilius·
301 3253 331 3312 in
366 3269 402 3311 ea
435 3248 783 3327 argentumn-conjungi
817 3255 944 3327 possiam
971 3268 1037 3309 cum
1059 3245 1230 3308 notionibus
1251 3210 1727 3327 conditionnmxseggregutioriiu,x

152 3406 251 3462 motus
272 3408 302 3461 et
322 3401 529 3480 expansionis,
549 3417 643 3458 cauea
667 3400 754 3460 etiem
775 3394 878 3477 adest,
898 3417 951 3460 cue
972 3378 1060 3462 utiles
1079 3363 1215 3475 luminis,
1236 3394 1361 3471 caloris,
1374 3395 1585 3459 ‘electricitatis
1607 3397 1712 3493 pheos

152 3551 288 3617 nomenis
308 3569 361 3613 eas
383 3569 453 3613 esse
473 3546 637 3618 credamus.
657 3582 698 3596 -

780 3773 782 3777 .
867 3697 964 3775 Μ·

790 3847 859 3910 De
921 3849 1056 3910 lucc.

311 3997 438 4075 Lucem,
473 3997 616 4075 calorem,
652 3996 875 4077 cohaesionem,
910 4000 1131 4061 electrioltatem
1165 3991 1349 4075 dquamieam
1370 4000 1532 4076 sequentes
1553 3996 1696 4061 theoriam
1734 3998 1752 4017 ““

150 4151 254 4229 virium
286 4149 462 4230 aliquarum,
492 4138 545 4211 sic
566 4157 598 4211 ut
618 4152 773 4228 gravitatio
795 4170 854 4212 uno
875 4148 1040 4231 eodemque
1061 4153 1207 4208 momento
1226 4149 1390 4225 agentium,
1414 4146 1694 4209 edoctuscontero-

149 4299 272 4380 plausor.
313 4300 413 4362 Sicut·
435 4319 543 4382 corpus
578 4297 698 4382 aliquod
732 4299 812 4361 aliud
846 4319 954 4381 corque
990 4317 1049 4360 uon
1084 4302 1155 4377 post
1175 4299 1315 4378 temporis
1336 4298 1466 4378 spatium
1486 4293 1620 4371 attrahit,
1640 4282 1718 4365 eed'

29 4500 33 4507 .
149 4449 272 4517 effectus
293 4469 435 4529 praesens
458 4458 521 4527 est,
542 4425 582 4512 ile
604 4456 635 4510 et
656 4469 724 4525 eae,
745 4468 823 4529 quae
854 4448 963 4523 lucem,
996 4444 1125 4509 celocem
1148 4453 1223 4512 caet.
1256 4450 1419 4527 provocant
1453 4445 1542 4519 uires,
1563 4443 1694 4506 subitum

148 4606 310 4679 sequuntur
342 4597 623 4679 impulsum3‘sed,
658 4605 690 4659 nt
721 4597 825 4679 lapsus
846 4600 910 4678 ipse
930 4598 1062 4679 corporis
1083 4593 1188 4656 mediis
1208 4593 1417 4656 resistentibus
1444 4590 1625 4671 retardetur,
1646 4596 1687 4655 ito

147 4756 177 4810 et
210 4755 307 4810 motus
341 4748 412 4835 allia
443 4749 505 4812 illis
540 4713 653 4812 visibus
688 4751 808 4810 excitati
844 4755 962 4828 tempus
982 4744 1103 4828 aliquod
1124 4751 1316 4825 consument,
1342 4762 1401 4826 quo
1421 4746 1549 4897 spatium
1571 4746 1694 4807 mauric

676 4846 677 4851 ,
866 4848 898 4884 r
1264 4844 1267 4851 ,
