3712 5258
174 701 292 765 ductam
309 701 371 782 jam
393 708 480 763 antea
501 678 738 782 perspexerimus
752 697 812 778 (l),
833 703 944 777 restet,
966 703 1165 782 etcorporum
1178 672 1504 762 disthsrmanitutemat
1528 676 1723 768 adiatherma.

179 856 298 916 nitatem
320 857 546 934 perscrutemur.

335 999 370 1064 Si
390 1020 442 1082 pro
463 1000 521 1062 hoo
543 1003 681 1085 {oratoriae
702 997 845 1061 attributo
866 971 967 1061 ordine
988 994 1112 1081 quodam
1134 1004 1216 1061 certo
1238 998 1441 1081 amplectimur
1459 993 1601 1082 corpora,
1621 1003 1651 1064 in
1672 1022 1724 1066 ex-

174 1156 264 1216 ternis
299 1150 390 1231 hujus
422 1149 534 1212 ordinis
569 1147 676 1211 finibus
709 1153 812 1232 partim
849 1169 971 1230 corpora
993 1148 1172 1229 airiiormia,
1192 1151 1298 1231 partim
1321 1149 1438 1212 metatio
1460 1149 1556 1213 iocum
1578 1142 1753 1230 obtinent(

69 1342 72 1347 -
172 1303 274 1367 eadem
309 1286 440 1376 ratione,
475 1319 533 1381 qua
567 1299 700 1361 inducis
723 1296 856 1361 doctrina
877 1318 1002 1379 corpora
1022 1298 1204 1361 marrsincidn
1227 1309 1256 1361 et
1276 1320 1334 1361 non
1355 1298 1547 1367 maosiucida.
1588 1301 1725 1385 Utraque

171 1472 325 1535 corporum
361 1468 470 1530 genera
506 1448 665 1511 mirabilem
698 1449 806 1512 catoris
842 1400 873 1510 et
906 1448 982 1511 lucis
1004 1447 1166 1510 ostendunt
1186 1449 1369 1529 analogiam,
1390 1470 1479 1530 quum
1500 1444 1625 1533 corpore
1647 1454 1723 1515 adri·

173 1552 276 1686 iormia
298 1606 375 1664 inter
397 1603 494 1668 omnia
514 1617 637 1680 corporo
659 1602 777 1661 minime
798 1600 932 1675 luceant,
949 1579 983 1659 'et
1004 1601 1124 1679 pessimi
1145 1599 1206 1661 sint
1227 1549 1334 1701 cai-oris
1363 1598 1573 1677 condoctores,
1604 1599 1723 1663 metalla

171 1761 275 1819 contra
310 1744 424 1814 fortiter
456 1749 578 1811 lrrceant
612 1751 773 1830 optimique
805 1752 868 1811 siut
901 1748 1010 1812 catoris
1041 1747 1249 1815 conductores.
1288 1747 1322 1812 lu
1343 1753 1514 1813 universum
1536 1749 1611 1812 daec
1631 1753 1723 1830 igitur

147 1905 229 1969 dici
264 1906 410 1985 possunt:
438 1902 465 1963 si
498 1917 607 1981 corpus
638 1897 759 1994 aliquod
780 1901 809 1960 vi
830 1900 965 1962 effaetum
987 1901 1016 1962 io
1038 1918 1073 1963 se
1093 1903 1225 1981 recipere
1245 1920 1305 1963 non
1326 1907 1441 1980 potest,
1463 1899 1619 1962 transferat
1638 1899 1667 1961 id
1689 1903 1728 2003 in¹

84 2086 85 2089 ¹
169 2018 408 2134 attodvcorpue,
439 2049 518 2132 quod
549 2050 686 2128 majorem
716 2025 876 2129 reeipiendi
908 2025 1076 2114 tenultatem
1101 2048 1200 2115 habet.
1239 2049 1357 2130 Lingua
1378 2052 1405 2112 si
1427 2047 1582 2131 dynamius
1603 2052 1720 2127 utimur,

122 2238 126 2244 ·
173 2223 283 2286 corpus
317 2199 548 2288 diathermanum
568 2199 629 2263 tote
650 2174 712 2276 est,
739 2201 769 2261 in
797 2220 855 2280 quo
875 2199 985 2265 caloris
1005 2204 1053 2263 vis
1073 2201 1282 2280 gravitatiouis
1304 2209 1333 2261 et
1354 2203 1535 2261 extensionis
1557 2204 1721 2280 portionem

100 2417 102 2422 ,
169 2375 229 2418 oon
250 2357 360 2426 mutat,
394 2348 450 2411 sed
478 2347 555 2430 quod
577 2348 676 2412 colora
696 2356 879 2431 penetratur,
900 2350 952 2412 tati
974 2351 1082 2412 edoctu
1104 2370 1161 2412 nou
1182 2349 1315 2431 prodito;
1337 2368 1445 2429 corpus
1465 2346 1718 2413 adiathermauom

169 2455 243 2567 iliud
277 2506 356 2576 cst‚·
374 2501 404 2560 in
439 2519 499 2580 quo
535 2497 644 2559 catoris
677 2501 725 2560 vis
759 2496 797 2561 ad
824 2496 979 2561 mutandas
1005 2500 1230 2577 gravitationem
1252 2504 1283 2559 et
1303 2500 1507 2560 extensionem
1528 2501 1720 2565 consumitur.
1746 2471 1748 2473 ι

169 2654 239 2734 Qua
273 2648 442 2712 definitione
468 2649 531 2725 jam
563 2649 745 2721 continetur,
781 2645 926 2726 quomodo
946 2644 1154 2709 conductionis
1176 2650 1258 2708 notio
1281 2645 1474 2727 concipienda
1495 2650 1551 2724 sit,
1577 2668 1665 2727 quum
1686 2647 1719 2711 id

181 2811 291 2885 eorpus
312 2784 438 2860 calorem
460 2794 626 2858 conducere
646 2795 845 2874 intelligamus
866 2799 896 2856 in
918 2817 978 2877 quo
999 2794 1107 2858 caloris
1127 2799 1189 2870 vis,
1210 2799 1414 2859 extensionem
1433 2805 1532 2875 anget,
1552 2803 1602 2877 qui
1623 2807 1733 2890 tauron¹

166 2952 296 3018 ¹edoctus
330 2947 410 3010 iente
443 2943 614 3029 producitur
648 2945 686 3008 nb
717 2947 918 3008 resistentiam
939 2949 1159 3024 gravitationis,
1180 2967 1256 3027 qrrae
1277 2949 1306 3008 in
1328 2945 1459 3027 qualibet
1480 2950 1612 3029 corporis
1633 2955 1719 3029 parte
1837 2980 1839 2985 ι

82 3165 86 3169 .
147 3103 325 3197 (conjuncte
358 3105 406 3159 est
437 3092 501 3159 cum
537 3099 717 3160 extensione.
760 3094 877 3158 Caioris
912 3095 1120 3158 conductionis
1154 3116 1226 3177 ergo
1253 3097 1347 3179 capax
1368 3117 1438 3159 esse
1458 3095 1586 3179 quodvis
1607 3118 1717 3180 corpus
1769 3108 1775 3113 ’

87 3314 91 3319 .
162 3257 226 3337 Jam
248 3271 287 3314 ex
308 3269 344 3312 eo
366 3250 514 3329 conjicere
535 3205 710 3328 possumus,
732 3245 811 3328 qood
830 3248 861 3308 iu
883 3245 1021 3308 orouibns
1043 3245 1218 3327 corporibus
1239 3251 1447 3326 gravitatiouis
1467 3255 1605 3330 qnantum
1619 3247 1718 3327 adest,

106 3453 111 3457 .
169 3402 228 3468 sed
246 3401 285 3466 tib
306 3372 619 3482 quanti‘diderentiem
641 3395 846 3459 conductionis
868 3417 989 3479 quoque
1007 3395 1133 3461 inanitas
1155 3396 1293 3460 differens
1315 3403 1355 3461 sit
1376 3417 1504 3462 necessa
1527 3405 1584 3464 eet.

332 3549 383 3612 De
404 3550 626 3629 aggregationis
648 3546 866 3610 conditionibus
883 3549 945 3626 jam
966 3555 1053 3610 antea
1079 3503 1390 3628 carantanorum),
1424 3569 1510 3631 quem
1538 3547 1576 3611 ob
1595 3569 1656 3612 rem
1679 3548 1717 3615 da
1755 3565 1759 3570 ’

65 3689 81 3771 ’,
167 3703 242 3769 sniis
263 3663 375 3764 latente
397 3672 708 3803 et'specificocoiore
729 3697 870 3759 nouuuita
891 3696 989 3761 dicere
1009 3705 1156 3780 superest.
1187 3697 1280 3761 Calor
1299 3697 1447 3773 lateus‘st
1470 3698 1628 3782 specificas
1648 3720 1716 3782 grs-

149 3834 241 3916 ¹¹dum
262 3857 421 3933 superatae
443 3852 650 3930 pensitationis
672 3846 852 3928 significant.
893 3848 1029 3939 Nomai
1056 3848 1094 3912 de
1119 3849 1231 3912 latente
1255 3849 1403 3930 loquimur
1427 3850 1527 3912 caioro
1547 3794 1603 3914 hoc
1623 3852 1713 3914 verbo

171 4021 238 4068 eam
259 3999 367 4062 caloris
388 4007 500 4080 partem
521 3999 740 4079 significamus,
775 4018 867 4082 quae,
902 3954 947 4060 ut
966 4019 1075 4082 corpus
1106 4020 1142 4062 ex
1173 4019 1231 4062 una
1253 3980 1474 4080 aggregationis
1494 3999 1712 4064 conditionata

157 4133 254 4219 'ariao
276 4155 426 4222 transeat,
454 4153 644 4213 consumitur.
686 4099 864 4231 Priusquam
886 4156 1026 4230 superata
1048 4155 1088 4212 sit
1108 4169 1144 4213 eo
1163 4153 1227 4239 pis,
1252 4168 1328 4232 quae
1348 4152 1509 4212 cohaerens
1530 4151 1626 4213 reddit
1643 4172 1712 4214 cor-

165 4290 238 4388 pus,
277 4306 388 4383 cartam
411 4282 732 4379 catorie'quonotnten
755 4302 889 4365 consumi
911 4302 1122 4383 perspicimus,
1158 4258 1245 4383 quam
1266 4301 1405 4364 latentem
1428 4305 1610 4363 nominamus
1632 4301 1713 4364 rato-

329 4661 370 4727 (1)
390 4677 417 4731 p.
436 4659 480 4718 2⁰.

326 4767 366 4835 (⁶2)
384 4782 411 4839 p.
431 4766 464 4822 15
484 4769 592 4836 etseq.
