3712 5258
785 431 1046 579 aas

45 727 51 736 =
155 703 362 793 „permeation
398 697 430 762 of
456 684 506 762 the
535 704 619 761 most
644 698 730 776 heat,
751 717 827 781 gare
848 686 985 760 the'best
1006 697 1149 778 images“.
1189 695 1411 795 Mirum-hoece
1434 698 1562 776 ridetur,
1585 709 1617 762 ut
1640 724 1707 769 cor-

143 871 228 932 pora
260 848 403 912 calefacta
434 869 568 932 quaeque
600 800 681 912 calor
711 847 939 929 transgreditur,
960 847 1084 910 condem
1105 847 1235 911 habeant
1249 804 1402 911 *effectum
1444 849 1529 928 Quae
1551 859 1582 913 ut
1604 852 1706 920 obser·
1774 877 1777 885 ¹

46 1049 48 1054 .
157 1003 277 1063 ratione
299 1001 497 1083 comprobem,
529 959 652 1063 vitrum¹
670 999 790 1078 fuligine
811 999 950 1078 oblitum,
977 1002 1082 1062 vitrum
1104 998 1298 1082 pellucidum,
1319 999 1411 1062 selem
1433 999 1568 1088 fossilem
1590 1002 1710 1066 tabulae

157 1171 283 1233 copreae
315 1155 470 1233 imposita,
500 1152 577 1214 solis
599 1151 690 1226 radiis
713 1149 871 1232 objeei31i
894 1157 974 1214 reeta
997 1157 1060 1213 erat
1081 1151 1119 1218 cl.
1140 1149 1270 1213 Huntii
1293 1152 1391 1232 opinio
1412 1152 1518 1214 vitrum
1541 1155 1654 1232 nigrum
1677 1163 1710 1219 et

131 1290 202 1364 'sal
223 1286 350 1388 [fossilis
382 1305 491 1383 optime
523 1320 593 1365 sese
614 1304 851 1384 expressissent,
873 1301 927 1364 sed
948 1301 1023 1364 salis
1044 1299 1159 1363 fossilis
1181 1303 1278 1380 imago
1300 1305 1419 1364 omnino
1442 1323 1500 1364 noo
1524 1307 1637 1366 exstitit
1657 1313 1708 1367 ant
1756 1383 1761 1395 Ι
1808 1353 1811 1360 .

155 1455 261 1533 paneis
295 1458 408 1514 tentum
441 1455 594 1531 vestigiis,
619 1451 693 1533 ,dum
716 1457 791 1517 vitra
813 1455 924 1536 optime
945 1472 1015 1515 sese
1036 1458 1254 1533 expresserant.
1295 1430 1354 1514 Vel
1371 1453 1432 1533 jem
1455 1455 1531 1516 satis
1553 1454 1619 1516 mihi
1642 1475 1707 1535 per·

156 1604 260 1683 spicea
283 1600 355 1663 haee
375 1622 439 1679 res,
465 1623 530 1664 nam
552 1606 579 1664 si
601 1604 678 1666 solis
700 1604 780 1665 calor
800 1603 901 1665 eedem
925 1602 1003 1665 facili
1025 1602 1110 1664 modo
1132 1605 1161 1664 in
1183 1602 1312 1664 tabulam
1333 1603 1509 1666 metallicam
1530 1603 1619 1682 venit,
1635 1609 1706 1689 pire
1798 1664 1802 1671 .

156 1768 209 1833 per
237 1751 329 1813 salem
356 1751 489 1813 fossilem
511 1743 743 1831 transgreditur,
764 1756 829 1814 sive
850 1773 924 1829 non,
947 1773 999 1813 cur
1019 1753 1099 1815 calor
1119 1753 1212 1815 salem
1235 1752 1366 1815 fossilem
1388 1726 1609 1833 transgrediens
1632 1760 1704 1842 ilua-

157 1903 255 1980 ginem
277 1905 497 1999 procreaverit?
518 1902 556 1964 Ni
579 1902 663 1969 fallor
683 1907 723 1966 ita
745 1922 779 1964 se
800 1903 889 1964 hahet
910 1903 973 1978 res,'
996 1911 1027 1962 ut
1047 1902 1084 1963 ad
1108 1903 1207 1965 calore
1228 1872 1426 1984 procreandas
1447 1873 1608 1982 imagines
1623 1903 1705 1967 difle-

44 2080 52 2095 =
154 2055 233 2112 renti
265 2040 385 2114 tabulm
416 2021 581 2113 metallicae
612 2059 642 2113 et
663 2055 796 2131 eorporis
819 2051 897 2132 quod
918 2051 1135 2132 exprimendum
1157 2061 1205 2114 est
1226 2059 1421 2133 temperatura
1444 2073 1520 2135 opus
1548 2059 1597 2120 sit.
1640 2049 1712 2115 lule·¹
1818 2058 1821 2063 ’

154 2202 256 2263 tellum
280 2223 339 2263 non
362 2205 529 2283 exprimitur
549 2204 579 2263 in
615 2204 747 2280 metallo,
768 2207 793 2264 si
817 2223 868 2283 per
889 2201 1008 2280 longius
1029 2207 1169 2285 temporis
1191 2206 1319 2286 spatium
1352 2157 1616 2282 calefacimns,(l)
1639 2209 1708 2286 qnia

155 2350 352 2415 conductione
387 2356 482 2414 omnia
517 2327 731 2434 temperaturae
766 2351 928 2421 differentia
963 2361 1180 2433 compensatur.
1221 2351 1431 2434 Exprimuntur
1462 2360 1576 2430 antem,
1603 2361 1654 2416 ent
1671 2359 1701 2418 si
1773 2410 1778 2429 ,

154 2484 261 2580 magna
293 2506 507 2581 temperaturae
542 2496 705 2559 differentia
739 2499 872 2572 exsistit,
900 2503 931 2558 et
960 2496 1078 2558 metalla
1101 2496 1278 2565 brevissimo
1296 2505 1413 2560 ‚tentum
1435 2506 1575 2562 contactu
1598 2521 1702 2582 appro-

75 2631 79 2642 ’
153 2610 345 2730 pinquantur,
380 2655 431 2709 aut
464 2650 497 2710 si‘
526 2668 578 2728 per
612 2648 732 2726 longius
766 2654 882 2727 tempus
919 2644 1107 2707 ealefacimus
1130 2646 1262 2720 metalla,
1291 2655 1321 2709 et
1342 2651 1419 2710 inter
1439 2669 1475 2711 ea
1497 2661 1605 2732 cerpus
1628 2654 1704 2716 male

113 2742 123 2757 ³
154 2765 327 2865 conducens
348 2801 568 2879 interponimus.
610 2797 652 2861 Et
671 2816 745 2876 una,
766 2803 797 2858 et
816 2796 911 2859 altera
930 2799 1046 2859 ratione
1066 2798 1211 2875 imagines
1234 2795 1297 2861 feci.
1339 2780 1477 2898 Eprima
1499 2804 1612 2871 ratione
1633 2823 1701 2884 pro-

141 2949 247 3014 'feetas
279 2953 310 3012 in
342 2949 557 3012 dissertatione
588 2967 669 3026 mee,
691 2969 776 3030 quam
799 2950 901 3025 citeri,
917 2947 979 3028 jam
1002 2945 1155 3028 descripsi.
1198 2912 1299 3008 ltltera
1323 2950 1537 3013 ratione‘oune
1557 2955 1701 3033 imagines

154 3104 278 3164 excitavi
313 3101 371 3163 hoe
403 3099 463 3173 fere
494 3082 720 3194 modorutabnla
740 3097 886 3160 metallica
908 3101 956 3160 eui
979 3101 1435 3177 numanus,·interpoeita·mica,
1456 3102 1615 3180 impositus
1636 3113 1701 3166 erat

36 3277 41 3287 ·
133 3253 228 3314 'solis
262 3249 354 3328 radiis
389 3249 599 3331 objiciebatur,
634 3249 704 3312 hora
732 3248 932 3331 praeterlapsa
952 3247 1140 3340 anhelatione
1163 3249 1255 3308 micae
1277 3255 1306 3307 et
1329 3250 1436 3308 numani
1458 3252 1557 3328 imago
1578 3255 1700 3319 exstitit.
1799 3260 1803 3279 ·

38 3462 53 3487 κ
153 3403 237 3481 Ant,¹
257 3402 358 3465 tabula
379 3399 483 3463 eodem
516 3399 603 3463 modo
630 3408 816 3488 eorrstructa,
837 3397 954 3463 modice
975 3417 1064 3479 supra
1087 3396 1230 3461 flammam
1251 3399 1375 3476 spiritus
1398 3401 1456 3458 vini
1479 3398 1622 3462 calefacta
1642 3408 1699 3479 est,
1735 3430 1748 3443 -

153 3550 257 3615 eedem
291 3566 359 3613 eum
393 3551 612 3630 suecesenffl).
654 3553 688 3615 Si
725 3559 829 3619 eontra
862 3548 965 3640 tabula
980 3547 1133 3611 ¹metallica
1155 3551 1220 3611 sine
1242 3551 1316 3610 mica
1337 3550 1366 3610 in
1389 3547 1505 3631 fornace
1527 3521 1703 3628 ponebaturp

142 3679 235 3762 'nulla
267 3703 379 3760 exstitit
410 3703 525 3778 imago,
554 3699 771 3784 eenrprofeoto
792 3700 830 3763 ob
852 3720 990 3777 eausam,
1011 3703 1080 3782 quoia
1101 3698 1201 3763 tobula
1224 3705 1254 3762 et
1275 3718 1408 3762 nummus
1430 3679 1701 3781 nimis‘aequaliter
1742 3678 1745 3683 i

156 3850 299 3916 calefacta
322 3855 415 3927 erant,
437 3849 517 3941 nulle
539 3869 610 3929 ergo
632 3858 849 3933 terrrperaturae
869 3849 1031 3919 differentia
1051 3868 1224 3929 processuum
1246 3847 1527 3946 tlaermoeleetrieurn
1543 3851 1699 3918 excitabat.

156 4036 370 4050 u*

312 4112 354 4209 ¹(l)
375 4141 464 4212 Quum
492 4141 560 4198 haee
588 4141 671 4198 verba
691 4141 838 4198 scriberem
858 4140 973 4220 nondum
992 4142 1109 4213 cognovi
1129 4138 1341 4195 observationes
1359 4137 1568 4212 elgllnorrei.
1607 4139 1701 4212 lmagi·

152 4264 218 4318 nos,
249 4264 318 4320 quas
345 4247 437 4304 tabula
468 4247 601 4312 metallica
632 4262 691 4304 cum
722 4267 829 4333 nummo
848 4251 873 4304 ei
892 4250 1020 4320 imposito
1039 4238 1181 4303 calefactis
1200 4248 1264 4302 oriri
1284 4246 1339 4303 uidi
1357 4247 1516 4320 oxydationi
1536 4246 1634 4302 metalli
1653 4246 1699 4302 ad·

155 4357 263 4429 scripsi.
301 4355 357 4410 Seri
372 4355 427 4428 jam
446 4353 498 4411 hae
517 4354 551 4411 rte
570 4346 601 4410 re
619 4355 671 4410 alio
690 4354 751 4411 loco
772 4357 891 4429 plurimis
910 4353 1066 4427 disputabo.

311 4466 352 4531 (i)
371 4460 432 4518 Hoc
459 4464 522 4518 loco
554 4463 617 4539 adli
648 4449 743 4534 potest
765 4463 851 4534 eueni
868 4461 939 4534 -jam-
959 4462 977 4518 l.
1005 4479 1030 4518 e.
1058 4460 1286 4539 (pugg-annal.
1305 4457 1402 4525 nutu)
1422 4457 1584 4530 perscripsi:
1613 4475 1654 4512 roe
1673 4459 1699 4512 in

153 4565 242 4621 vitrea
262 4557 469 4626 tanuta‘imnmt
489 4571 627 4640 imaginem
647 4570 803 4640 repperisse
822 4570 846 4623 si
865 4571 890 4622 in
910 4568 1088 4640 fornaeeper
1106 4568 1216 4637 longius
1235 4573 1343 4636 tempus
1371 4563 1548 4642 calefeceram
1576 4563 1701 4629 tabulam,

131 4648 325 4755 ‘quolenus
353 4682 382 4730 et
413 4678 501 4749 ipsum
529 4675 639 4746 intelligi
667 4671 774 4749 potest,
803 4692 884 4746 quum
904 4678 998 4730 uiuum
1019 4675 1105 4730 malos
1124 4673 1223 4735 caloris
1242 4670 1394 4727 conductor
1411 4670 1449 4725 sit
1467 4686 1551 4771 quare
1571 4676 1702 4742 tempere·

153 4786 230 4835 turae
249 4776 401 4838 differentia
419 4769 586 4855 producitur,
607 4787 635 4836 et
654 4787 684 4836 ut
702 4797 852 4854 processus
871 4779 1124 4838 thermoileetrieus
1144 4780 1262 4834 exsistat
1281 4777 1337 4831 fieri
1358 4780 1490 4918 potestis}
