3712 5258
874 439 972 544 ,89
1079 497 1081 502 -

130 764 136 776 ,
241 764 244 768 ,
311 664 358 773 lla
383 709 506 771 maxime
533 707 648 774 ratione
674 704 824 786 differunt,
848 705 929 790 qnod
950 691 1065 789 priores
1091 712 1212 771 atarrta
1236 711 1369 771 oriuntur
1397 685 1537 775 distantia
1558 663 1707 796 alquanto

151 861 204 925 lux
223 862 439 943 transponitur,
463 822 587 938 lalteras
612 879 649 922 ex
669 862 778 940 exigua
799 864 921 925 tantum.
962 857 998 921 Si
1020 857 1172 923 secundae
1197 862 1290 941 partis
1319 861 1468 940 imagines
1492 862 1570 926 lucis
1592 865 1707 928 effes-ini
1757 910 1763 922 ι

132 1009 281 1075 -adscribi
302 1017 444 1094 possent,
475 1017 507 1073 et
527 1011 599 1074 huic
617 1017 649 1073 ut
675 996 713 1076 ex
732 1017 803 1092 apta
828 1009 971 1073 distantia
994 978 1274 1074 oriantur-neeesse
1295 1018 1396 1090 esset,
1428 1032 1505 1094 quac
1536 1032 1625 1094 quum
1648 1031 1706 1085 non
1776 1079 1782 1086 ,

45 1225 48 1230 ,
153 1159 292 1226 accidant
312 1163 429 1231 effectui
449 1162 537 1225 alicui
558 1160 868 1240 attribuendaosunt,
888 1163 974 1242 cujus
989 1181 1112 1243 campus
1132 1182 1192 1224 nun
1207 1161 1267 1225 lato
1287 1161 1436 1242 dilatatur,
1456 1160 1535 1257 quod
1558 1167 1588 1225 et
1608 1135 1705 1246 ipsum
1738 1192 1765 1248 ſs
1781 1134 1812 1218 Ϊ,

107 1273 112 1278 -
134 1311 356 1385 -electrieitatis
377 1312 528 1375 attributis
549 1256 727 1395 respondet,x
743 1331 819 1396 quaa
840 1320 938 1419 cetera
960 1333 1080 1395 qnoque
1101 1313 1304 1396 phaenomena
1326 1318 1437 1397 optimc
1457 1284 1630 1396 sequnntur.

232 1520 236 1527 .
310 1444 424 1546 ltaque
438 1467 465 1526 si
486 1463 596 1527 audere
617 1467 732 1545 possim
755 1463 792 1528 de
814 1463 1028 1547 phoenomenis
1050 1456 1146 1528 adbuc
1165 1465 1335 1530 recentibus
1356 1473 1386 1530 et
1406 1486 1425 1530 a
1445 1465 1547 1534 multis
1569 1461 1708 1548 partibus

154 1611 289 1676 obscuris
310 1613 452 1677 theoriam
472 1634 653 1698 proponere,
686 1617 762 1678 baec
786 1615 847 1679 iere
867 1596 932 1682 sit,
958 1615 1093 1678 Duorum
1120 1629 1274 1700 corporum
1301 1625 1444 1694 contactu
1469 1613 1544 1700 (jam
1565 1614 1615 1678 nel
1635 1613 1703 1678 sola

18 1783 24 1788 ’
46 1826 50 1831 .
153 1764 421 1850 approximatione)
443 1763 623 1828 electricitas
644 1768 790 1844 exoritur,
815 1785 891 1848 quac
912 1769 940 1829 si
961 1774 1118 1830 contaetus
1138 1782 1191 1829 aut
1214 1767 1365 1845 frictione,
1385 1775 1438 1832 aut
1458 1771 1632 1851 pressione,
1653 1737 1707 1827 aut

73 1992 77 1996 .
112 1943 115 1946 ⁴
150 1913 332 1996 planitiebus
354 1915 514 2008 metallicis
535 1923 616 1980 certo
643 1897 745 1980 ordine
771 1918 984 2030 accumulatis,
1017 1919 1217 1999 'gravissimus
1238 1916 1285 1994 ιι,
1310 1916 1357 1980 erl
1386 1937 1522 1998 magnam
1545 1917 1705 2040 peruenire
1803 2004 1809 2011 M

154 2069 509 2171 ιιιιιιιιιιιιιιίιιιιιιι.·
536 2063 572 2128 Si
595 2073 701 2130 tamen
730 2071 830 2132 tonsio
860 2069 998 2133 electrina
1031 2087 1166 2148 maguam
1198 2030 1400 2184 intensitatem
1431 2088 1508 2131 non
1518 2027 1627 2147 adepta
1648 2073 1705 2142 est,
1775 2134 1778 2139 ,
1834 2073 1845 2085 “

147 2218 270 2281 minima
298 2235 365 2278 eam
395 2215 436 2285 ob
467 2234 592 2292 causam
617 2218 731 2298 abest,
753 2236 843 2303 quum
863 2239 1007 2304 praesens
1027 2222 1126 2284 tonsio
1147 2219 1247 2300 lugere
1267 2239 1325 2283 nos
1345 2221 1459 2302 pessit,
1480 2214 1559 2299 quod
1579 2215 1618 2278 ob
1640 2235 1702 2278 ma-

29 2377 38 2395 ‘
140 2370 244 2453 sterias
270 2373 404 2430 naturam
422 2367 504 2431 lente
525 2366 658 2451 disparet
677 2340 875 2449 electricitas,
900 2375 920 2438 i.
941 2391 967 2438 a.
987 2375 1015 2435 ai
1036 2391 1161 2450 corpora
1181 2377 1234 2433 aut
1238 2331 1537 2447 semieooductores
1549 2373 1630 2469 sunt,
1652 2345 1704 2428 aut
1728 2426 1747 2459 ἱ,

35 2565 53 2589 ,
152 2517 296 2576 contiuuo
316 2533 387 2575 sesa
408 2521 565 2592 tangunt.
583 2513 653 2576 Etsi
673 2533 746 2594 ergo
759 2516 916 2594 tensionis
933 2513 1112 2598 adaequatio
1131 2534 1188 2579 uos
1209 2473 1326 2593 effingit,
1351 2522 1451 2577 tameo
1471 2513 1581 2612 adessa
1602 2521 1705 2602 potest

21 2678 25 2683 ’
120 2667 266 2742 Διιιιιιι,
287 2666 377 2726 sicuti
398 2663 503 2741 lagena
524 2661 738 2742 Lugdunensis
758 2683 878 2762 gravem
900 2673 1000 2746 potest
1019 2665 1139 2728 baberex
1149 2667 1378 2742 immissionem,
1409 2671 1439 2728 et
1459 2671 1556 2729 tamen
1578 2654 1627 2727 blo
1647 2633 1702 2734 ιιιι-
1755 2646 1782 2741 ’7

13 2831 66 2873 μ
152 2814 233 2880 mido
253 2816 351 2877 tensio
372 2811 449 2875 adeo
470 2813 639 2894 paullatim,
660 2813 795 2896 adeoque
817 2816 922 2878 leuiter
942 2815 1138 2897 adaequatur,
1159 2826 1193 2879 ot
1213 2823 1336 2879 nostros
1357 2835 1468 2880 sensus
1489 2815 1715 2880 omoiousion..
1792 2787 1818 2887 ¹.

66 2991 70 2998 ·
153 2970 226 3049 giat.
266 2964 301 3028 Si
322 2967 412 3045 igitur
432 2965 631 3047 approbamus
652 2966 703 3027 tali
725 2963 813 3027 modo
835 2967 1002 3028 electricam
1022 2960 1187 3029 tensionem
1214 2965 1289 3029 ellici
1321 2985 1429 3047 posse,
1460 2933 1642 3045 imagineae
1665 2968 1718 3055 cl,
1760 2939 1762 2943 ι

24 3147 27 3153 ’
82 3155 110 3179 ι,
153 3116 322 3187 Musonio
355 3113 490 3178 detectas
520 3116 567 3210 rel
588 3118 732 3194 imagines
753 3115 819 3180 luca
840 3109 982 3181 invisibili
1003 3124 1123 3181 exortas
1144 3079 1291 3197 electricox
1304 3133 1449 3197 processu
1470 3094 1617 3213 proficisci
1639 3121 1703 3198 opi·
1805 3149 1807 3152 ·

154 3271 216 3331 uari
237 3286 412 3350 possumus,
450 3264 607 3346 Quaeres
628 3266 866 3346 verisimilisfit,
887 3255 919 3330 si*
936 3266 1136 3331 demonstrare
1157 3284 1323 3349 possumus
1343 3233 1525 3353 imaginibus
1548 3267 1702 3366 electricis
1802 3337 1805 3345 ¹

154 3426 184 3483 et
207 3417 396 3498 ,imaginibus
430 3417 508 3480 lucis
534 3416 703 3492 ¹inuisibilis
737 3417 840 3483 eadem
872 3439 942 3484 esse
972 3371 1126 3497 attbibuta,
1159 3438 1244 3502 quam
1266 3404 1543 3480 demonstrationem
1565 3414 1636 3479 dare
1656 3364 1703 3480 me

153 3534 247 3671 posse
277 3567 375 3633 credo.
417 3566 629 3632 certitudinem
654 3569 713 3633 bac
737 3567 777 3634 da
799 3591 832 3655 ιι
852 3533 1096 3657 assequeremur,
1116 3571 1145 3633 ai
1165 3589 1267 3633 revera
1288 3569 1496 3632 electricitatis
1512 3565 1722 3653 ιιιιιιιιιιιίιιΙ
1841 3557 1850 3561 ’

155 3721 278 3787 duorum
290 3703 453 3801 *corporum
475 3717 615 3782 contactu
635 3717 697 3783 beri
717 3728 839 3803 posset,
861 3741 937 3802 quae
957 3724 1172 3787 electromatria
1192 3719 1290 3786 adbuc
1310 3696 1399 3785 nobis
1420 3717 1515 3782 deest.
1725 3675 1732 3681 -

278 3868 411 3999 Apud
434 3869 649 3934 exhalationem
682 3846 808 3954 napuras
843 3871 970 3935 similem
1001 3872 1142 3935 ellectum
1169 3889 1323 3952 procreare
1349 3890 1386 3933 ac
1406 3871 1503 4001 lusam
1523 3867 1702 3934 invisibilem

155 4031 305 4093 anostra
328 3984 448 4107 duoque
477 4021 589 4091 tbooria
618 4004 745 4103 eogitari
762 4030 885 4106 potest,
908 4043 974 4131 nam
996 4021 1178 4086 observati
1165 4042 1226 4103 Jam
1248 4029 1319 4085 sunt
1339 4041 1501 4104 processus
1521 4021 1682 4087 ιΙιιιιιιι
1673 4042 1702 4083 m

137 4178 360 4254 exhalatione,
381 4173 568 4259 quamobrem
589 4166 779 4258 vaporibus
770 4179 916 4257 imagines
936 4179 1041 4239 exoriri
1063 4195 1153 4258 posse
1175 4177 1284 4259 optima
1304 4173 1488 4254 intelligitur

242 4353 246 4357 ·
315 4327 383 4391 Jam
414 4329 444 4389 io
472 4325 574 4391 libello
593 4349 662 4393 meo
682 4329 741 4409 „da
760 4327 938 4409 imaginibus
959 4287 1127 4392 alectrieis“
1139 4326 1189 4408 (l)
1208 4327 1348 4412 nonnulla
1370 4331 1541 4404 argumenta
1560 4322 1600 4389 do
1619 4321 1702 4388 iden-

83 4517 96 4525 --
158 4483 242 4544 titata
262 4483 421 4562 imaginum
443 4480 644 4546 electricarum
665 4489 755 4566 atque
775 4484 934 4563 imaginum
955 4481 1032 4546 lucis
1052 4480 1212 4560 invisibilis
1232 4480 1333 4569 attuli,
1351 4497 1445 4560 >(poam
1465 4479 1607 4569 rabonem
1629 4478 1702 4539 ima-
1755 4500 1758 4509 ·

223 4691 228 4699 r

142 4750 148 4762 κ
269 4744 359 4858 ς(ι)
373 4789 483 4866 Pogg.
502 4793 589 4852 moal.
609 4793 641 4856 Τ.
662 4790 749 4851 nuru
768 4813 794 4869 p.
815 4794 866 4854 ιιι
885 4800 914 4852 et
932 4793 965 4856 Τ.
984 4793 1059 4852 nvn
1079 4811 1106 4868 ιι.
1124 4791 1188 4854 tit.
1236 4849 1239 4853 ,
1340 4863 1351 4872 ³
1420 4779 1432 4790 ’
