3712 5258
844 295 851 321 l

919 397 1078 490 28·

197 686 280 743 torm
311 679 382 742 aiut.
422 673 482 737 Est
500 636 662 732 memoratu·
678 616 813 747 dignum,
838 664 922 746 qood·
939 663 1056 747 plurimi
1076 661 1273 724 ieolatorere
1293 657 1390 722 colion
1411 659 1580 725 conditione
1600 667 1630 725 io
1651 664 1745 748 liqui-

199 827 271 891 dem
299 847 352 909 per
385 826 564 885 rerioaceom
599 824 769 896 transeunt,
800 825 836 878 nt
867 819 1002 891 resinae,
1036 832 1118 890 cera,
1150 809 1289 893 sulphur,
1316 813 1440 888 vitrum,
1462 811 1526 875 olei-
1541 817 1669 895 pingue·
1691 823 1743 901 qni

94 982 107 991 ’
201 975 366 1040 conditione
398 975 570 1035 recinaceae
601 942 750 1031 unuln·
784 973 913 1030 utuntur.
954 961 988 1025 lu
1023 982 1081 1044 quo
1116 981 1190 1025 rane
1223 967 1372 1024 momento
1402 980 1494 1026 cauea
1514 964 1684 1046 quaerenda
1705 970 1748 1031 uit

200 1131 341 1188 vetustae·
366 1122 446 1184 illiue
478 1121 623 1195 theoriae,
654 1139 744 1199 quae,
764 1117 984 1178 electrioitatem
1007 1111 1153 1175 ciburium
1174 1131 1244 1175 eaeo
1264 1117 1464 1190 mineorum,
1485 1116 1624 1194 conjecit.
1666 1115 1746 1182 Cum
1837 1170 1842 1175 .

200 1275 257 1339 boe
289 1272 474 1353 isolotoruur=
494 1269 635 1333 attributo
666 1269 727 1348 jam
760 1267 950 1346 conjunctum
972 1269 1028 1340 eit,
1049 1261 1127 1343 quod
1149 1281 1268 1343 temper
1289 1262 1461 1325 coocbatam
1482 1270 1512 1326 et
1532 1263 1668 1330 lolioaam
1689 1268 1745 1333 lra-

142 1444 184 1515 *5
200 1423 270 1487 beut
289 1421 444 1485 tracturam
465 1420 641 1495 irolatoree,
660 1433 808 1499 uunquam
830 1433 1001 1494 granorum,
1023 1432 1099 1495 quae
1119 1411 1331 1499 conductorum
1353 1421 1414 1491 est,
1437 1434 1521 1496 qnae·
1534 1434 1584 1480 rea
1605 1436 1741 1497 maguam

106 1631 136 1645 .,
201 1571 389 1637 eoboeuionia
410 1573 595 1652 sequentium
617 1571 757 1629 uerierum
779 1564 972 1627 differentiam
992 1560 1111 1647 iudicat.

237 1734 245 1743 “
360 1719 500 1803 Cbemica
521 1737 671 1800 corporum
693 1715 836 1798 qualitar,
857 1711 1000 1796 quomodo
1022 1732 1183 1794 corporum·
1200 1711 1383 1777 conducendi
1405 1722 1438 1779 et
1461 1716 1590 1783 laelandi
1621 1718 1746 1785 inculta.
1791 1723 1798 1730 '

202 1879 260 1934 tem
296 1868 455 1946 modificet,
486 1887 546 1930 nou
580 1870 656 1929 ratio
689 1870 882 1948 perspectum·
897 1871 960 1940 eet,
994 1867 1128 1943 quamvis
1154 1866 1311 1926 recentiori
1332 1871 1463 1945 ternpore
1482 1868 1601 1949 plures,
1621 1877 1652 1931 ct
1672 1890 1746 1952 opa-

202 2023 329 2083 roaiorea
363 2017 465 2083 ademi
494 2017 549 2082 boc
583 2016 620 2079 de
645 2036 678 2078 re
698 2015 816 2077 laborer
828 2013 892 2092 (ὓς
913 2012 943 2075 id
965 2020 1043 2076 certe
1064 2018 1199 2088 coortat,
1220 2016 1367 2077 minimam
1385 2016 1446 2096 jam
1468 2018 1587 2081 alienae
1603 2023 1746 2085 materiae

203 2169 423 2247 admixtionem,
443 2169 607 2231 electu-icam
630 2185 783 2247 corporum
804 2163 972 2226 facultatem
992 2165 1121 2242 praviter
1140 2123 1268 2239 mutar03
1290 2170 1323 2225 nt
1337 2183 1425 2226 onum
1439 2168 1602 2248 exemplum
1616 2171 1748 2250 alierum,
1808 2232 1812 2239 ,

113 2340 119 2347 ·
205 2319 354 2402 plumbum
390 2324 437 2380 eut
471 2317 568 2380 bonne
599 2316 801 2380 electricitatia
823 2310 1001 2391 conductor,
1019 2310 1074 2376 orel
1095 2311 1245 2394 plumbum
1268 2312 1467 2392 eulpburioum
1490 2335 1555 2379 moa
1575 2317 1749 2401 conductor,

203 2486 270 2533 nox
288 2469 349 2532 lere
369 2467 501 2539 iaoletor.

207 2566 212 2579 Ι
240 2556 249 2567 ·
363 2617 532 2701 Uuipolcriu
565 2617 684 2681 tandem
718 2618 764 2680 ric
797 2615 878 2680 elicta
908 2613 1068 2679 conductio
1089 2616 1178 2676 novio
1197 2611 1456 2677 observationibus
1477 2634 1613 2696 magnum
1634 2626 1749 2702 aperire

204 2767 320 2831 uidetur
341 2787 485 2848 campum.
525 2765 553 2828 A
574 2769 717 2848 principio
737 2764 875 2828 (liberans
896 2765 1032 2828 electriea
1055 2766 1195 2826 materiae
1216 2764 1342 2826 lacnltae
1368 2767 1492 2846 intelligi
1519 2776 1635 2849 potent,
1661 2774 1689 2834 ei
1711 2786 1749 2839 -ι-

206 2896 237 2979 et
257 2954 293 2968 -
316 2917 524 2997 electricitatea
560 2917 685 2997 qualiter
719 2915 887 2981 differentes
903 2930 988 2977 *ease
1009 2915 1218 2994 cognovimus,
1240 2933 1335 2994 quum*
1350 2934 1458 3009 corpur
1478 2919 1507 2979 in
1529 2937 1588 2980 uua
1608 2921 1749 2987 electrica

207 3066 348 3149 qualitate
378 3012 501 3148 plorem·
520 3065 628 3128 babeat
654 3067 823 3130 altinitatem
854 3087 921 3129 cum
943 3065 1053 3128 ambito
1073 3083 1143 3142 ruo,
1164 3060 1250 3146 quem
1272 3067 1302 3126 in
1323 3065 1424 3145 altera.
1465 3066 1514 3130 Do
1534 3088 1592 3149 qua
1613 3073 1749 3154 unipola.

139 3262 142 3267 v
196 3198 292 3279 ⁸ritate
326 3237 477 3298 corporum
512 3218 613 3280 multia
647 3216 785 3281 docemur
812 3215 1076 3281 observationibus.
1118 3213 1173 3277 Sic
1194 3235 1220 3282 e.
1241 3234 1284 3295 pe.
1305 3219 1335 3276 in
1356 3216 1456 3280 tabula
1478 3217 1750 3290 Franlliniaur

206 3370 299 3431 citrea
320 3358 431 3448 b'gurae
451 3371 560 3450 optimo
581 3373 721 3432 eueniunt
740 3372 767 3432 ai
789 3407 828 3422 -
849 3369 1046 3431 electricitate·
1066 3369 1189 3442 utimur,
1221 3367 1296 3429 male
1316 3373 1414 3431 autem
1435 3372 1462 3430 ui
1483 3383 1520 3434 ÷
1540 3370 1750 3455 electricitat03

206 3520 233 3581 oi
268 3515 397 3580 tabulam
429 3462 610 3583 reeinaceam
646 3516 835 3597 adhibemur,
857 3520 1031 3581 contrariom
1053 3516 1187 3580 videmur
1208 3517 1440 3599 pbaenorneuou.
1480 3520 1511 3583 A
1531 3520 1633 3586 tabula
1655 3529 1750 3590 vitrea

204 3673 364 3753 marginem
398 3672 581 3733 resinaeeam
614 3642 756 3747 habente,
790 3671 926 3733 scintilla·
942 3682 978 3734 4-
998 3669 1137 3733 electrina
1172 3686 1289 3751 semper
1322 3669 1513 3752 destringitur
1537 3692 1654 3759 margo,
1676 3673 1746 3741 dum
1840 3719 1850 3729 -

140 3886 146 3891 ,
193 3821 333 3892 ,μείηίίΙΙα
353 3857 394 3870 ·-
414 3820 552 3914 electrina
571 3842 645 3886 eum<
661 3821 805 3888 transilit

363 3969 447 4048 Lego
482 3977 576 4055 campi
610 3973 740 4038 electrici
774 3978 836 4034 tota
866 3971 1069 4036 electricitatie
1090 3975 1200 4035 ctetica
1221 3975 1395 4036 continetur.
1437 3970 1569 4054 Cempue
1590 3976 1757 4039 electricue'

207 4119 236 4178 io
267 4134 388 4201 campus
419 4126 480 4194 eat,
511 4126 540 4182 in
562 4142 620 4201 quo
642 4143 749 4206 corpur
771 4123 954 4200 electricum,
980 4125 1010 4184 in
1030 4121 1089 4185 alio
1110 4121 1238 4203 quodam
1261 4142 1385 4206 corpore
1406 4077 1749 4208 contrariamprorbcat

207 4269 385 4344 bricionem,
406 4255 482 4348 quae
502 4272 567 4332 einr
588 4271 761 4352 ambagibus
783 4280 813 4338 et
834 4275 1019 4339 attractionis
1040 4280 1073 4336 et
1089 4275 1271 4356 repulsionis
1292 4277 1449 4340 electricaa
1474 4274 1541 4356 lege
1566 4274 1749 4354 intelligitur.

206 4468 417 4480 anu-*—

282 4593 293 4607 ’
366 4625 407 4694 (l)
425 4622 571 4696 Repertor.
600 4625 649 4683 dir
678 4608 791 4699 Phyrik.
818 4624 872 4683 Bd.
899 4626 937 4684 Vl
965 4646 992 4702 p.
1020 4629 1076 4690 lab
1098 4647 1154 4705 qao
1181 4630 1246 4690 loeo
1270 4645 1329 4688 orror
1349 4629 1383 4686 cl.
1401 4610 1618 4699 Pel'letierii,
1637 4635 1692 4686 tum
1711 4627 1747 4690 ill.

207 4721 411 4789 llcuurnaunl
430 4735 463 4789 et
477 4729 614 4789 Henricl
633 4750 718 4806 opera
739 4742 997 4797 commemorantur..
1102 4782 1110 4789 .
1436 4745 1450 4763 ”
