3712 5258
862 385 965 481 *ln

82 726 85 735 .
150 658 348 740 perepicnitas
382 600 539 730 exstiterit,
573 658 605 716 nt
638 652 694 715 hoo
727 649 894 734 explicandi
927 648 1015 735 'modo
1048 649 1189 733 physicae
1223 649 1290 731 pina
1312 667 1417 713 nocere
1437 610 1523 733 onam
1545 649 1689 734 prodesse

122 758 125 763 ι
152 808 347 870 atomieticam
377 807 517 866 rationem
548 800 764 880 contenderim,
795 820 883 882 anrm
915 799 1115 882 phoenomena
1140 797 1240 862 verhia
1260 765 1436 866 atomietieia
1456 797 1607 882 descripto
1631 820 1690 864 ren

151 961 245 1038 ipsam
267 938 436 1018 extricatam
458 912 646 1018 crediderint.

310 1101 345 1165 Si
380 1099 418 1164 de
451 1099 651 1164 conditionum
667 1060 890 1186 'electricarnm
922 1099 1115 1180 explicatione
1149 1103 1259 1178 agitor,
1295 1098 1482 1162 cohaesionis
1509 1099 1694 1164 conditiones
1784 1114 1793 1150 ‘-

152 1271 307 1334 corporum
341 1253 554 1351 perspiciamus
587 1269 711 1314 necesse
745 1260 809 1325 est,
843 1268 932 1330 quum
949 1239 1064 1310 'omnis
1084 1236 1245 1329 processis
1266 1247 1425 1311 electrinos
1445 1269 1511 1312 cum
1532 1238 1705 1313 variatione
1771 1222 1790 1240 Ι
1821 1223 1827 1263 .·

152 1400 338 1465 cohaesionis
372 1401 549 1480 conjunctos
582 1418 653 1463 ease
686 1397 829 1466 videatne.
869 1397 932 1460 Sed
967 1397 1023 1459 hoe
1058 1397 1141 1472 ioco,
1175 1399 1232 1478 ipsi
1254 1393 1391 1460 deliciunt
1411 1380 1697 1463 virm'stontsttcae

153 1546 298 1627 theoriae,
328 1551 416 1631 qdnm
450 1548 488 1612 ah
520 1548 656 1611 omnihus
676 1552 790 1610 strictis
811 1554 842 1608 et
863 1545 1012 1609 distinctis
1033 1536 1203 1609 deseramur
1224 1544 1454 1610 definitionibus,
1496 1546 1543 1610 Cl.
1559 1549 1622 1630 jam
1644 1553 1697 1613 viri

115 1769 121 1782 ,
153 1708 256 1764 eontra
285 1652 507 1780 adplicationem
539 1707 698 1760 atomorum
730 1705 763 1759 nt
783 1699 907 1779 partiunt
929 1696 1133 1777 physicarum,
1155 1698 1346 1772 exstiterunt,
1366 1697 1421 1759 aad
1442 1694 1572 1760 nondum
1600 1701 1705 1773 victo-⁸
1772 1778 1779 1788 ‘

154 1869 220 1927 res,
256 1868 333 1932 qnae
367 1855 465 1911 tamen
498 1846 662 1929 explicandi
696 1851 771 1910 ratio
805 1855 926 1925 strenue
959 1866 1018 1908 non
1045 1803 1375 1927 exponit'cohaesionis
1396 1850 1556 1914 notionem.
1598 1848 1696 1927 anm
1726 1806 1735 1811 --

154 2018 225 2080 ergo
257 1997 474 2062 immaterialis·
493 1997 698 2092 electrieitetls
732 1997 845 2059 theoria
871 1999 991 2085 evenire
1011 2011 1068 2056 non
1090 1999 1205 2076 possit,
1227 1992 1381 2057 deficiente
1401 2002 1522 2058 strenns
1545 1997 1698 2059 cohaesio·
1794 1996 1800 2005 ’

155 2152 203 2212 nis
234 2148 442 2230 explicatione,
473 2164 562 2228 qnam
597 2153 627 2208 et
653 2145 736 2209 calor
756 2154 786 2208 et
808 2147 856 2207 lnx
876 2145 1057 2207 cohaesione
1078 2143 1167 2207 valde
1188 2143 1391 2207 modificentur
1412 2165 1583 2226 corporum,
1602 2151 1701 2227 prine-

157 2306 243 2382 qnn'm
275 2277 312 2360 ad
346 2294 617 2376 imponderabilinm
639 2292 802 2401 doctrinam
823 2259 986 2372 transeam,
1007 2293 1044 2356 de
1065 2250 1244 2358 cohaesione
1264 2291 1418 2374 dynamico
1441 2263 1585 2375 quiedam
1607 2296 1698 2360 verha
1736 2330 1739 2335 ·

71 2458 77 2464 ’
156 2445 259 2512 froiam
280 2464 355 2526 opos
374 2452 431 2512 est.

876 2593 902 2671 l·
941 2600 971 2662 4.
988 2612 1021 2649 -·
1074 2628 1078 2635 ’

768 2741 823 2805 De
853 2743 1089 2806 cohaesione.
1138 2808 1144 2817 ,

317 2891 512 2973 Coheesionis
543 2889 727 2972 explicationi
759 2910 816 2953 nna
845 2895 1028 2972 temporeis
1049 2880 1221 2953 satisfecere
1243 2890 1385 2956 creditur:
1405 2898 1472 2968 „vie
1492 2899 1700 2960 attractionis“
1792 2954 1796 2962 ,

97 3097 100 3104 .
156 3046 221 3108 sire
254 3041 437 3106 Newtonii
468 3041 534 3121 lege
565 3034 637 3104 sive'
664 3041 722 3102 alis
752 3040 900 3103 efficacem
931 3048 1029 3124 putes.
1070 3040 1133 3104 Sed
1163 3041 1233 3104 talis
1260 3043 1430 3122 conjectura
1452 3064 1510 3106 non
1531 3045 1640 3110 sufficit
1660 3047 1698 3110 ed

125 3150 129 3154 ι
159 3191 350 3257 differentiam
384 3193 535 3274 qualitatis
568 3193 645 3254 inter
679 3190 886 3254 cohaesionem
918 3199 949 3291 et
981 3190 1190 3254 adhaesionem
1215 3190 1399 3272 erigendam,
1419 3214 1506 3274 qoam
1529 3199 1698 3258 atomiatica

159 3346 285 3443 ratione
304 3343 425 3406 niteram
458 3339 571 3406 tantnm
601 3339 779 3404 haheamne:
797 3343 1021 3419 „attractionem
1042 3344 1167 3422 partium
1187 3345 1264 3405 inter
1284 3361 1321 3405 se
1340 3312 1592 3423 disjunctarum‘,
1610 3365 1700 3429 qnare

60 3516 63 3522 ·
158 3493 345 3556 cohdesionie
372 3495 425 3587 ‘eis
449 3495 480 3554 in
500 3513 537 3555 eo
558 3498 673 3576 tantnm⁸
689 3488 728 3554 alr
748 3489 928 3554 adhaesione
948 3477 1065 3585 secreta
1086 3440 1183 3568 esset,
1205 3489 1284 3572 qnod
1305 3491 1523 3572 cohaerentium
1545 3514 1698 3586 corpornm

156 3648 256 3725 partes
283 3645 410 3723 majore,
443 3641 665 3705 adhaerentium
686 3645 795 3705 minore
816 3596 956 3705 distantia
977 3644 1092 3722 positae
1114 3648 1226 3709 essent.
1267 3610 1358 3721 Qhod
1379 3641 1557 3709 definitionis
1578 3643 1698 3710 dnhinm

112 3857 117 3873 ,
157 3760 284 3873 elingere
317 3784 456 3858 credunt
474 3796 502 3856 si
534 3790 743 3856 adhaesionem
765 3796 981 3889 ,attractionem
1014 3811 1085 3856 esse
1118 3790 1219 3857 dicnnt
1253 3812 1407 3874 corporum
1426 3793 1700 3874 heterogeneorum,

157 3945 223 4004 sine
255 3942 469 4040 individuorum
504 3951 700 4021 secretorum,
733 3940 789 4028 sed
823 3941 948 4006 dnhinm'
976 3942 1053 4006 idem
1087 3949 1195 4021 restat3
1226 3962 1324 4006 nonne
1344 3948 1416 4006 sont
1436 3943 1699 4020 atomiindividua

157 4038 293 4155 demetat
315 4091 463 4156 cohaesio
485 4095 627 4175 qualitate
648 4092 765 4156 diversa
786 4093 893 4155 catab
914 4091 1100 4158 adhaesione.
1142 4089 1315 4174 incorrupto
1341 4091 1535 4174 phaenomeni
1555 4093 1699 4177 adspectu

76 4269 90 4278 ·
159 4241 312 4320 docemur',
348 4225 477 4323 corpora
506 4196 645 4307 continno
679 4262 765 4322 esse,
799 4263 894 4325 nequo
914 4242 1005 4306 nllnm
1026 4246 1056 4305 in
1077 4244 1115 4305 iis
1136 4245 1258 4306 inveniri
1280 4245 1416 4322 limitem,
1437 4251 1468 4306 et
1490 4243 1544 4306 hac
1564 4243 1701 4306 determi-

84 4418 88 4428 ·
159 4393 277 4457 natione
312 4387 502 4458 cohaesioois
536 4400 639 4455 natura
667 4395 846 4475 explicetur:
879 4395 1109 4473 „cohaesionem
1139 4394 1179 4458 ihi
1215 4393 1364 4472 videmus,
1397 4393 1448 4456 nhi
1483 4392 1581 4457 nnllns
1602 4393 1700 4475 detegi
1730 4343 1732 4348 ³

157 4533 257 4625 potem
292 4542 391 4620 limes,
426 4543 475 4605 uhi
509 4562 567 4607 nna
589 4546 789 4607 continuatur
821 4565 891 4628 pnrs
924 4544 1188 4626 intelteram(l).“
1229 4543 1303 4609 Sola
1325 4564 1395 4624 ergo
1415 4543 1539 4626 partium
1562 4547 1699 4608 attractio

156 4656 370 4675 mq-

315 4711 357 4778 (1)
376 4707 409 4764 V.
428 4709 713 4801 Banmghrtner's
730 4709 844 4784 Physih.
