3712 5258
816 432 971 559 ‘aa

151 703 303 788 impletum
325 707 498 785 permeatur.
539 696 574 762 ld
594 717 669 762 saue
700 696 877 785 dyrramicae
908 697 947 763 de
980 697 1072 777 locis,
1106 697 1215 763 caloris
1237 707 1312 766 raet.
1334 699 1547 780 phoenomenis
1568 701 1704 765 theoriae

153 856 310 940 approbrio
341 851 507 916 habendum
538 870 598 913 uon
619 852 690 928 erit,
717 847 798 932 quod
818 853 1024 929 grauitationie
1045 805 1273 914 retardationem
1294 870 1381 914 uerno
1401 849 1592 928 observavit,
1614 871 1702 933 quum

154 1008 274 1069 oecaeio
306 1003 429 1067 deluerit
457 1001 654 1065 attrahentem
686 998 787 1063 muudi
818 998 920 1062 subito
946 1003 1106 1082 procreati,
1128 1008 1161 1063 nt
1180 1001 1239 1064 lroc
1259 1001 1393 1083 exemplo
1414 1008 1497 1078 utar,
1518 1004 1576 1063 vim
1598 999 1704 1065 obser·

155 1151 259 1231 naudi,
294 1151 373 1236 quod
408 1150 514 1214 lactum
548 1151 753 1233 phaenomeuo
775 1150 818 1211 illi
839 1147 1034 1231 respondeat,
1063 1100 1152 1231 quum
1172 1149 1257 1212 doris
1278 1151 1402 1213 satelles
1422 1159 1545 1233 repente
1565 1173 1583 1214 e
1603 1154 1704 1236 plane·

75 1250 79 1255 Ι
122 1340 128 1351 ·
156 1312 205 1371 tao
235 1302 337 1366 umbra
372 1300 520 1384 procedit,
551 1299 601 1362 ulti
636 1298 732 1363 denuo
760 1299 855 1361 lucem
876 1319 928 1380 per
947 1259 1047 1362 muudi
1068 1303 1197 1382 epatium
1217 1278 1349 1366 dimittit.
1389 1299 1545 1370 Directuna
1567 1322 1636 1383 ergo
1658 1323 1703 1366 re-

154 1451 290 1517 tardatae
322 1453 529 1532 gravitationie
560 1397 764 1530 argumentum
790 1449 894 1512 afferre
914 1467 972 1512 nou
992 1469 1162 1532 possumus.
1202 1448 1270 1513 lam
1291 1457 1389 1512 autem
1410 1450 1531 1514 accedit
1551 1453 1704 1532 conjectu-

153 1620 205 1668 rae
236 1601 332 1664 lucem
351 1609 427 1668 caet.
459 1599 570 1664 viribus
592 1597 770 1682 quibusdam
796 1599 902 1662 edecta
935 1617 1005 1660 esse
1020 1601 1226 1678 grauitatioui
1241 1602 1271 1662 vi
1285 1597 1535 1681 similibusfquod
1551 1605 1708 1666 intensitas

155 1751 249 1831 lucis,
280 1751 404 1828 caloris,
436 1755 483 1813 uis
505 1749 656 1813 attrahens
678 1748 932 1813 electricitatiset
952 1752 1156 1828 magnetismi,
1181 1754 1201 1816 i.
1222 1769 1248 1815 a.
1270 1768 1305 1812 ea
1328 1753 1431 1812 virium
1452 1748 1607 1832 producta,
1629 1772 1724 1833 quae.

156 1903 362 1982 gravitatiouis
394 1892 557 1964 inteueita‘ti
589 1908 619 1962 et
649 1899 780 1963 facultati
810 1888 1019 1980 respondentis
1040 1898 1142 1961 sedern
1175 1899 1447 1980 legem-sequentia
1468 1898 1647 1964 diminuatur
1666 1922 1704 1964 ac

95 2040 97 2045 ⁵
121 2021 126 2027 '
157 2053 203 2115 ule
224 2053 447 2132 grauitationie,
469 2052 680 2132 quamvisjam
702 2071 720 2112 e
741 2049 808 2112 sola
829 2056 925 2112 motus
946 2050 1117 2129 conjectura
1138 2046 1212 2110 lraec
1232 2047 1280 2110 lex
1300 2050 1470 2130 explicetur.

320 2199 407 2278 Quae
438 2201 568 2262 theoriae
598 2199 676 2261 lucis
704 2206 834 2260 naturam
857 2207 968 2262 motum
990 2218 1060 2261 ease
1081 2198 1257 2278 conjiciunt,
1278 2218 1331 2261 eae
1347 2201 1410 2278 janu
1432 2198 1604 2279 dynamicae
1624 2208 1706 2281 sunt,

157 2350 229 2441 olei¹
251 2347 330 2430 quod
365 2349 498 2413 ultimum
530 2347 652 2430 gradum
688 2347 786 2411 lucere
815 2369 873 2410 non
896 2348 1015 2414 audent.
1057 2318 1157 2427 Quum
1177 2354 1276 2410 autem
1298 2355 1406 2410 motum
1427 2349 1505 2412 lucie
1527 2351 1706 2431 conjectant,
1790 2340 1806 2422 s

153 2497 225 2564 huin
260 2519 353 2563 eausa
387 2499 473 2562 detur
507 2519 584 2580 opus
618 2506 682 2575 eet,
702 2518 789 2577 quum
810 2501 840 2559 iu
862 2499 929 2560 aliie
949 2518 985 2559 au
1006 2501 1035 2559 iu
1057 2501 1086 2560 vi
1107 2497 1288 2577 aliquauon
1310 2503 1488 2578 quaerimus.
1529 2499 1705 2580 Regnantes

155 2652 286 2734 opticus,
320 2668 389 2710 mox
421 2646 516 2709 dicam
553 2602 706 2708 doctrinae
740 2647 864 2722 caloris,
898 2647 1029 2706 theorias
1060 2647 1121 2724 jam
1157 2644 1330 2725 dynamicea
1352 2647 1546 2712 aroruinandae
1566 2670 1651 2728 esee,
1673 2661 1704 2714 et

157 2780 325 2862 tlomietica
355 2793 453 2875 aliqua
484 2800 597 2857 mutum
618 2796 761 2876 principia
781 2794 840 2857 sibi
860 2792 1010 2873 adjecisse
1030 2746 1223 2872 coratendam,
1249 2796 1358 2874 quibus
1380 2803 1551 2877 praesertim
1575 2800 1703 2866 aetheris

157 2945 332 3030 hypothesis
354 2940 568 3007 adnumeretur.
662 2926 665 2934 ’
1545 2896 1554 2917 ἱ

318 3094 502 3176 Dynamicae
533 3093 665 3157 theoriae
694 3072 822 3156 aetheris
851 3059 1007 3175 'hypothesi
1038 3112 1096 3155 uon
1118 3114 1195 3174 opus
1216 3101 1277 3171 eet3
1299 3098 1379 3157 sicut
1400 3099 1556 3175 gravitatio
1579 3084 1704 3163 medium

128 3236 132 3247 ’
156 3214 217 3309 non
247 3248 384 3328 requirit,
417 3248 451 3308 u't
481 3253 575 3310 totum
597 3267 650 3330 per
670 3248 798 3327 epatium
820 3241 934 3308 dilatari
955 3247 1067 3328 possit,
1088 3248 1129 3308 ita
1149 3244 1201 3307 lux
1221 3264 1346 3306 vacnum
1368 3248 1477 3310 antliae
1499 3253 1704 3328 pneumaticae
1730 3198 1735 3207 ·

155 3396 328 3476 henslucet,
367 3399 409 3459 ita
444 3417 567 3476 magnes
601 3397 707 3460 lerrum
741 3395 861 3461 attrahit
894 3395 961 3458 aliie
996 3397 1159 3476 interjectis
1193 3395 1365 3478 corporibus
1392 3417 1450 3460 uon
1471 3398 1645 3481 impeditue3
1666 3423 1705 3465 ue

155 3546 264 3625 multa,
294 3549 323 3608 vi
353 3549 499 3628 penetrari
521 3566 645 3610 vacuum
666 3550 764 3610 animo
784 3567 878 3629 aeque
900 3548 1010 3627 optimo
1032 3550 1189 3629 concipere
1210 3567 1349 3630 possum,
1370 3567 1406 3612 ec
1426 3553 1538 3614 moveri
1561 3555 1590 3615 vi
1612 3505 1704 3616 male-

155 3699 238 3764 riam
280 3694 455 3779 Ubicunque
487 3716 557 3759 uero
588 3696 710 3760 effectus
741 3695 907 3760 retardatae
939 3701 1166 3781 perspiciamus,
1186 3699 1260 3762 licet
1279 3703 1431 3764 resistenti
1454 3706 1592 3767 materiae
1612 3709 1704 3785 retar-

157 3843 308 3910 dationem
333 3845 512 3913 adscribere.
555 3845 680 3930 Semper
710 3854 741 3909 et
761 3849 871 3930 ubique
891 3854 990 3910 auteur
1010 3852 1090 3912 viree
1110 3848 1351 3929 retardabuntur,
1373 3857 1441 3933 quia
1463 3858 1591 3935 spatium
1611 3853 1703 3916 abso-

156 3992 219 4060 lute
249 4015 373 4059 uacuum
404 3976 473 4060 nec-
490 4005 539 4062 eet
568 4005 689 4074 natura,
716 4017 772 4061 nee
792 4005 854 4061 arte
875 3996 950 4060 elfini
971 4005 1084 4077 potest3
1105 3999 1216 4082 ubique
1238 4009 1335 4062 autem
1357 4006 1507 4064 materiam
1529 4011 1559 4066 et
1581 4008 1702 4066 maxime
1797 4057 1802 4060 .

155 4100 295 4209 sulutilem
325 4143 433 4208 adesse
460 4149 521 4227 jam
543 4169 560 4212 e
580 4149 784 4227 phaenomeuo
805 4147 964 4211 accelerati
977 4155 1119 4229 ‘cometae
1139 4169 1157 4212 a
1180 4151 1218 4216 cl,
1238 4149 1388 4214 Euclea
1410 4150 1519 4215 detecti
1541 4157 1701 4230 cognosci·
1767 4100 1781 4113 r

154 4315 235 4373 mue,
267 4315 343 4380 quae
375 4295 551 4359 acceleratio
583 4320 641 4362 uon
662 4294 859 4377 aetheris,’id
880 4305 928 4361 est
948 4299 1014 4378 ejus
1033 4301 1175 4364 materiae
1196 4305 1400 4366 exsistentiam
1424 4301 1545 4384 probat,
1567 4303 1702 4381 quaenb

155 4446 278 4529 opticie„
295 4448 394 4510 multis
422 4445 574 4512 attributis
595 4468 621 4513 e.
642 4467 684 4528 gr.
706 4452 829 4528 atomis,
850 4456 1009 4514 atomorum
1030 4450 1202 4533 polaritate,
1223 4456 1331 4516 ceteris
1347 4453 1409 4532 jam
1433 4448 1541 4513 donata
1563 4458 1625 4530 eet,
1647 4452 1701 4515 sed
1799 4463 1802 4472 '

153 4600 270 4663 omniuo
303 4567 491 4664 resistentem
524 4598 635 4666 adesse
656 4603 821 4669 materiam0⁴
858 4600 988 4667 ‘lantum
1011 4622 1083 4685 ergo
1110 4600 1234 4682 absunt,
1256 4611 1289 4666 ut
1315 4586 1493 4666 collidantur
1512 4601 1624 4667 theoria
1646 4624 1702 4666 un·
