3712 5258
761 428 941 596 ”aa

833 840 861 915 t·
901 822 957 908 ιβ

117 1025 333 1090 uenarum
364 1023 648 1108 superficierum
680 1012 924 1103 variationis,
956 1044 1048 1107 quaa
1078 1024 1139 1088 vel
1170 1022 1395 1090 Moseriana
1424 982 1666 1131 ratiodeffcl

10 1199 13 1207 ’
136 1266 140 1271 Ι
230 1178 485 1271 electricitata
506 1179 707 1254 tensionis,
728 1174 1164 1259 inplentemetattorum
1185 1176 1334 1240 ta'brilis
1356 1176 1538 1246 allicitur.

242 1358 320 1466 ¹,Ut
353 1360 469 1423 occulta
504 1368 535 1457 et
568 1366 655 1444 quasi
688 1361 820 1426 involuta
841 1382 878 1426 ex
897 1361 955 1426 alia
975 1342 1061 1446 parte
1080 1362 1209 1445 paullum
1231 1365 1415 1445 aperiantur,
1436 1362 1514 1425 haud
1535 1367 1664 1443 ineptum
1691 1423 1693 1426 ,

117 1511 188 1574 mihi
208 1513 303 1574 risum
325 1518 387 1588 est,
407 1510 571 1593 superficiei
593 1515 787 1581 variationem
807 1516 919 1576 arctius
939 1515 1117 1603 perqdlrere,
1139 1491 1235 1595 quam¹
1248 1513 1287 1576 ob
1308 1534 1385 1593 rem,
1407 1520 1440 1576 ut
1459 1515 1517 1576 alia
1539 1531 1663 1606 raegen-

118 1665 159 1725 tia
191 1681 230 1725 aa
263 1680 390 1743 vapores
426 1661 470 1724 ad
498 1662 699 1727 secernendae
719 1665 842 1728 alisciae
862 1662 1027 1727 tabularum
1049 1673 1149 1746 partas
1171 1667 1332 1760 inveniam,
1353 1663 1461 1763 studui.
1503 1663 1570 1725 Non
1592 1682 1666 1725 saue

51 1886 65 1912 Ι
118 1813 187 1875 mihi
205 1816 365 1893 contigit,
385 1823 416 1875 ut
449 1832 551 1876 omues
577 1832 626 1877 res
648 1773 980 1897 obscurasexplanem,
1001 1813 1055 1877 aed
1076 1819 1105 1876 in
1128 1776 1279 1893 nonnullis
1301 1821 1376 1878 satis
1398 1813 1555 1909 delectanti
1578 1817 1665 1893 gari·-

114 1979 173 2027 ’sos
193 1932 260 2029 sum
281 1983 440 2052 successu.
527 1963 530 1967 ’
1070 1924 1073 1941 Ι

186 2108 189 2113 ’
271 2111 406 2194 ,Primum
438 2112 567 2176 tabulam
597 2115 791 2195 metallicam,
812 2118 860 2179 oui
881 2119 989 2179 nummi
1010 2119 1106 2197 imago
1127 2116 1484 2225 electricitataimpressa
1507 2123 1584 2193 erat,
1605 2092 1663 2177 ¹sule
1726 2148 1759 2205 f

66 2295 71 2348 ζ
118 2265 342 2345 microsoopium
376 2269 534 2371 supposui,
568 2285 664 2348 neque
698 2275 796 2330 tamen
822 2267 881 2330 ulla
903 2266 1070 2369 superficiei
1087 2268 1260 2337 mechanica
1282 2266 1444 2330 differentia
1465 2268 1589 2327 inveniri
1611 2283 1694 2361 1³⁰⁸.
1754 2311 1756 2315 ,

60 2495 63 2499 ¹
117 2388 182 2480 tuit}
224 2416 323 2494 Quum
353 2415 520 2478 anhelarem
541 2416 685 2488 tabulam,
713 2421 751 2474 tis
772 2418 864 2487 locis,
885 2417 934 2472 ubi
956 2418 1066 2487 halitus
1087 2417 1239 2473 inhaerere
1259 2409 1416 2472 ridebatur
1435 2411 1554 2473 tabulae
1575 2413 1663 2475 nudie
1764 2468 1769 2475 .

119 2548 232 2638 oeulis,
262 2552 411 2640 ingentem
442 2561 500 2624 sub
526 2565 730 2643 microscopio
749 2563 885 2643 perspexi
905 2564 962 2622 vim
984 2567 1132 2639 guttarum
1153 2562 1350 2637 minimarum,
1373 2553 1493 2642 quarum
1516 2544 1662 2640 margines

118 2718 148 2776 in
182 2711 331 2774 metallum
362 2713 447 2793 qnasi
469 2716 614 2788 exierunt,
647 2711 705 2774 lere
727 2709 872 2792 quomodo
894 2719 978 2790 gutta
1000 2709 1163 2791 hydrargiri
1184 2714 1215 2773 in
1235 2691 1344 2774 tabula
1357 2719 1497 2789 argentea
1517 2733 1552 2774 ae
1574 2718 1664 2792 gerit;

110 2867 156 2933 ,iis
176 2870 272 2927 autem
295 2861 385 2939 locis,
408 2861 456 2923 uhi
478 2861 567 2923 nudis
590 2861 686 2924 oculis
697 2828 819 2924 vvhalitus
841 2881 898 2924 non
919 2860 1079 2924 adhaerere
1100 2860 1270 2937 videbatur,
1296 2849 1469 2924 deficiebant
1491 2870 1617 2955 guttae,
1636 2873 1665 2928 ct

57 3099 61 3103 .
117 3014 252 3098 aequalis
274 3015 399 3094 liquoris
420 3013 557 3114 planities
578 3013 707 3075 tabulam
730 2986 906 3074 metallicam
927 3012 1095 3092 obtegebat.

279 3163 347 3241 Qua
380 3182 412 3223 re
443 3165 601 3241 imaginum
633 3162 835 3246 productionis
865 3156 1007 3246 processu
1038 3161 1119 3226 aliud
1149 3166 1255 3242 attingi
1277 3183 1333 3225 non
1356 3161 1501 3239 rideatur,
1524 3183 1609 3245 quam
1632 3173 1664 3229 ut
1708 3208 1728 3233 ,
1816 3226 1821 3238 ,

40 3374 43 3379 ,
118 3313 268 3378 nonnullis
298 3311 376 3375 locis
407 3312 580 3392 superficies
608 3313 831 3394 pluaplanetur
853 3282 1108 3394 mamertinus
1128 3320 1161 3375 ut
1181 3313 1290 3376 halitus
1313 3317 1350 3375 iis
1372 3313 1477 3375 melius
1498 3312 1664 3376 adhaereat.

12 3516 14 3523 .
72 3472 75 3477 ’
118 3463 154 3528 ld
188 3483 261 3526 sane
295 3470 415 3524 constat
442 3463 562 3526 tabulae
583 3458 653 3543 erga
674 3462 1032 3550 vaporesadhacsionem
1054 3466 1092 3525 iis
1113 3458 1189 3526 locis
1210 3463 1260 3528 ubi
1281 3467 1379 3544 imago
1401 3469 1448 3525 est
1467 3471 1519 3525 aut
1539 3472 1666 3542 auctam,
1731 3512 1734 3517 .
1772 3439 1774 3445 V
1838 3508 1841 3513 -

66 3678 69 3694 ,
122 3613 285 3693 (imagines
303 3617 477 3693 negativae)
496 3621 548 3677 aut
569 3617 774 3679 comminutam
794 3633 865 3678 esee
887 3610 1046 3694 (imagines
1066 3614 1235 3696 positivae).
1269 3598 1356 3680 'mum
1376 3612 1504 3677 fortasse
1531 3635 1565 3676 ea
1593 3635 1666 3696 con-

41 3789 51 3867 ᾗ
121 3763 194 3827 ditio
214 3763 377 3828 tabularum
398 3763 563 3828 adducatur
583 3784 641 3846 qua
661 3763 791 3846 platinae
811 3762 929 3827 lamella
949 3767 1117 3843 negativum
1139 3771 1261 3825 catenae
1281 3765 1382 3843 polum
1413 3767 1570 3826 continens
1608 3765 1666 3826 uti·

44 3872 48 3879 Ι
113 3918 188 3979 tur?
209 3915 272 3995 jam
303 3919 378 3978 eatis
398 3917 586 3996 analogicum
606 3915 700 3978 hocce
720 3914 942 3996 phaenomanon
962 3915 1121 4014 imaginum
1143 3885 1355 3994 procreationi,
1378 3935 1467 3996 quum
1489 3888 1519 3976 in
1540 3923 1666 3999 utroque

115 4071 217 4159 potatu,
244 4067 389 4129 continua
420 4020 625 4129 electricitatie
659 4069 859 4151 oppositarum
892 4026 991 4130 tensio
1024 4067 1176 4144 excitatur.
1217 4064 1362 4143 Quamvis
1383 4065 1439 4127 hac
1460 4063 1497 4129 de
1517 4085 1549 4128 ra
1570 4065 1666 4130 adhuc

121 4233 218 4296 usqne
248 4214 354 4279 frustra
387 4220 583 4298 experimenta
614 4220 808 4300 instituerim,
840 4223 938 4281 tamen
963 4216 1042 4281 haud
1063 4190 1183 4294 dubito,
1204 4207 1266 4279 lore
1285 4221 1320 4279 ut
1339 4213 1427 4281 modo
1448 4213 1575 4298 quodam
1595 4174 1665 4299 apto

95 4459 96 4463 Ἰ
122 4364 256 4429 instituta
276 4367 386 4430 bonum
406 4368 534 4431 habeant
553 4313 743 4434 successum.x
1166 4346 1169 4351 Ι
1653 4330 1655 4334 v
1686 4327 1689 4337 ·

283 4516 384 4595 Quum
406 4538 486 4600 ergo,
506 4502 654 4601 hacerga
675 4495 800 4602 vapores
822 4518 992 4583 conditione
1014 4480 1153 4601 excepta,
1176 4518 1258 4582 nulla
1278 4515 1443 4598 superficiei
1465 4487 1592 4578 cariadae
1614 4517 1665 4578 ot·
1687 4559 1690 4564 »

88 4741 93 4746 ¹
123 4668 241 4728 servari
256 4673 398 4747 potuerit,
424 4670 499 4734 haec
518 4669 578 4733 iere
598 4674 713 4733 institui
735 4675 948 4753 experimenta,
975 4679 1007 4734 ut
1027 4692 1074 4734 ma
1095 4673 1316 4746 convincerem,
1347 4676 1442 4745 utrum
1464 4670 1592 4730 varietas
1608 4650 1665 4731 'au-
1758 4717 1764 4739 ,

122 4791 332 4899 perfictei'jam
353 4818 560 4886 sulficeretad
580 4821 801 4910 producendam
824 4823 947 4887 chantici
969 4842 1133 4904 processus
1155 4820 1356 4900 differentiam,
1376 4838 1414 4883 an
1434 4792 1504 4885 noo..
1525 4830 1528 4839 '
