3712 5258
895 444 987 539 ΞΕ

161 722 220 783 etsi
251 738 361 800 corpor
391 737 448 779 uon
479 720 521 778 ita
554 720 695 791 mutatur,
726 720 758 775 ut
778 728 952 795 processum
975 710 1137 774 chemicoh
1152 712 1216 791 jaun
1236 714 1391 774 exstitisse
1411 711 1591 776 contendere
1611 717 1712 795 possi·

160 890 241 948 nnus,
274 871 386 930 recenti
418 842 551 948 tempore
585 814 805 944 superficierum
832 865 1018 925 mutationes
1053 867 1264 941 cognocitur,
1292 882 1370 945 quae
1389 867 1546 944 processui
1567 864 1709 928 electrico

157 1015 343 1082 attribuenda
364 1024 449 1092 suot,
480 1015 537 1077 sed
558 1036 624 1076 cum
646 1016 738 1076 verbo
759 972 940 1094 ,processus
962 1012 1144 1073 electricus“
1163 1032 1221 1074 uon
1241 1033 1307 1075 earu
1328 1014 1534 1075 decuicitatis
1556 1017 1709 1078 notionem

108 1112 116 1221 ,Ι
158 1168 336 1248 conjungere
371 1163 529 1242 debemus,
563 1185 639 1246 quae
672 1165 849 1225 excitatione
859 1165 997 1243 ‘impetus
1017 1162 1163 1238 electrici,
1182 1167 1358 1226 attractione
1378 1175 1408 1225 et
1429 1163 1615 1245 repulsione,
1636 1164 1707 1226 aliis

102 1390 105 1395 ,
157 1316 307 1381 attributis
334 1315 478 1379 definitur.
519 1314 619 1394 Quum
645 1316 734 1390 igitur
755 1320 912 1392 utrumque
933 1332 1086 1393 corporum
1108 1319 1336 1394 propinquorum
1356 1333 1391 1374 se
1412 1317 1442 1373 io
1462 1313 1586 1375 alterum
1608 1321 1708 1376 trans·

155 1465 248 1543 terre,
279 1466 404 1528 alterum
433 1468 463 1524 in
494 1484 529 1525 se
561 1460 807 1544 comprehendere
822 1469 968 1537 comior,
989 1461 1119 1523 conditio
1140 1463 1280 1524 electrina
1299 1465 1364 1524 sive
1384 1461 1516 1524 studium
1537 1467 1705 1526 tensionem

158 1614 340 1697 exaequandi
374 1621 561 1695 provocatur.
603 1613 690 1691 Quae
723 1632 798 1673 serre
829 1609 960 1672 conditio
981 1614 1106 1707 maxime
1127 1612 1245 1674 diversa
1266 1633 1338 1674 esse
1358 1620 1473 1694 potest,
1494 1619 1547 1673 aut
1567 1611 1653 1674 fortis
1674 1621 1707 1674 et

156 1769 332 1846 perspicua,
355 1764 399 1839 (iu
421 1782 543 1842 corpore
563 1762 734 1838 electrina),
755 1771 806 1822 ant
825 1761 912 1834 talis,
934 1781 1010 1842 quae
1030 1764 1081 1822 vix
1101 1765 1204 1823 sentiri
1231 1766 1346 1842 possit,
1378 1763 1424 1840 (iu
1456 1783 1579 1842 corpore
1615 1762 1709 1825 inele-
1772 1786 1775 1790 ·

158 1916 282 2002 otrico);
316 1932 384 1972 ruox
406 1911 558 1988 diuturna,
583 1912 627 1990 (iu
649 1931 772 1993 corpore
792 1911 1026 1987 idioelectrico),
1047 1931 1115 1973 mox
1135 1912 1271 1973 celeriter
1291 1922 1497 1992 compensata,
1518 1913 1562 1988 (iu
1584 1927 1708 1993 corpora
1787 2002 1790 2007 .

157 2062 365 2139 conducente).
410 2063 497 2141 Quae
518 2072 667 2142 praeterea
689 2060 820 2122 cornditio
833 2062 981 2122 -omnilnus
1002 2061 1210 2141 processibus,
1229 2066 1279 2142 qui
1300 2063 1508 2133 cohaesionem
1515 2107 1525 2138 ,
1555 2063 1643 2142 cujus
1658 2062 1706 2124 rel

157 2215 270 2275 initium
307 2211 355 2271 vel
389 2210 475 2272 finem
510 2211 699 2291 contemplari
720 2230 883 2290 possumus
904 2213 1141 2305 electrioitatern,
1167 2211 1311 2287 alliciunt,
1332 2214 1433 2288 augeri
1454 2218 1571 2291 potest,
1591 2215 1633 2273 ita
1654 2231 1706 2272 ca-

155 2333 235 2439 lore,
269 2361 609 2439 (thermoelectricitas,)
645 2369 800 2436 couuctu,
834 2359 1081 2440 (galvnnisruns)
1112 2360 1266 2438 irictions,
1293 2363 1395 2421 ririuur
1417 2358 1561 2422 efficiente
1581 2368 1706 2439 motum,

159 2511 372 2586 (machinarum
394 2507 609 2584 electricitas,).

320 2659 483 2738 Corporum
517 2657 691 2737 superficies
725 2662 873 2720 tensionis
906 2678 1078 2739 processum
1106 2661 1231 2740 incipit,
1265 2654 1398 2737 qonditio
1418 2661 1508 2738 igitur
1527 2661 1705 2723 electrices
1768 2658 1799 2706 '-

159 2807 278 2870 diversa
312 2807 533 2888 superficierum
567 2826 720 2887 corporum
755 2808 896 2888 qualitate
918 2807 1100 2890 dependeat,
1122 2817 1331 2871 uecesseest:
1350 2810 1469 2886 „aliena
1489 2818 1519 2870 et
1540 2809 1705 2875 differentia
1740 2842 1744 2849 ·

159 2978 281 3040 corpora
317 2974 387 3018 esse
422 2956 545 3032 debent,
576 2977 645 3018 uam
678 2956 726 3018 nbi
758 2979 860 3020 omnes
880 2959 1069 3020 conditiones
1091 2958 1212 3020 eaedem
1232 2967 1304 3021 snut
1324 2959 1455 3021 conditio
1477 2960 1615 3042 electrina
1635 2964 1706 3022 oriri
1824 3013 1828 3025 ,

161 3128 219 3170 nou
240 3109 370 3190 potest.“
392 3107 462 3170 Duo
484 3112 572 3192 igitur
593 3128 716 3188 corpora
737 3109 824 3170 taleni
840 3113 922 3172 inter
941 3130 976 3170 se
997 3111 1055 3169 vin·
1077 3116 1230 3184 exercent,
1249 3111 1347 3190 qualis
1367 3114 1471 3172 virium
1492 3130 1610 3179 suarum
1637 3119 1704 3173 ten-

156 3261 241 3320 sione
272 3235 458 3339 perspicitur.
500 3259 588 3337 Quae
618 3264 715 3320 tensio
737 3263 765 3320 si
785 3260 880 3339 major
901 3257 946 3334 fit,
968 3267 1020 3320 ant
1040 3280 1092 3340 per
1111 3260 1273 3321 scintillam
1294 3262 1461 3325 electricaur
1483 3269 1702 3343 compensatur,

106 3465 111 3472 .
156 3415 209 3470 aut
228 3411 256 3470 si
277 3428 429 3489 corporum
451 3412 573 3471 materia
595 3412 750 3488 perdrittit,
772 3409 813 3485 (si
834 3409 1003 3497 atlindtateui
1020 3409 1134 3474 neten
1155 3409 1329 3490 chemicam)
1351 3432 1504 3492 corporum
1532 3413 1702 3491 corrjnnctio
1819 3478 1827 3493 q

136 3532 274 3623 'oritur'
300 3557 528 3637 Uorrjunetionis
562 3562 652 3636 igitur
685 3568 771 3621 actus
805 3560 963 3629 electrieus
997 3579 1159 3640 processus
1194 3568 1256 3638 est,
1288 3565 1339 3644 qul
1359 3582 1378 3624 ιι
1398 3567 1546 3626 communi
1565 3563 1703 3626 electrico

157 3727 316 3788 processu,
338 3711 395 3793 nisi
417 3711 555 3770 materiae
576 3707 717 3789 qualitate
737 3707 791 3770 sed
814 3712 917 3770 viriuru
939 3708 1097 3772 efficaciam
1118 3714 1232 3795 ratione
1253 3734 1312 3775 riou
1332 3711 1436 3777 dillert

319 3860 431 3922 Tensio
451 3860 589 3921 electrina
608 3857 646 3920 ad
668 3857 742 3920 dnae
764 3867 863 3935 partes
885 3860 1089 3941 perspiciendo
1110 3869 1174 3939 est,
1196 3863 1229 3940 a)
1251 3861 1288 3924 ad
1309 3871 1421 3944 partem
1443 3882 1604 3944 processus
1625 3882 1700 3945 qua-
1733 3828 1738 3834 ,
1773 3872 1781 3911 ’-

155 4005 194 4067 lis
220 4003 258 4067 ab
290 4012 442 4090 utriusque
464 4014 597 4091 corporis
618 4013 798 4090 proprietate
818 3972 961 4090 producta
984 4018 1047 4087 est,
1069 4008 1148 4092 qnod
1171 4014 1261 4090 igitur
1280 4011 1319 4074 ad
1341 4013 1531 4076 differentiam
1552 4026 1589 4079 -t-
1609 4021 1640 4076 et
1660 4049 1699 4063 -

155 4155 358 4223 electricitatis
392 4161 511 4235 attinet3
544 4159 578 4238 b)
600 4158 639 4221 sd
674 4157 789 4220 modurn
812 4163 1063 4239 compensationis
1085 4165 1247 4238 tensionis,
1282 4161 1312 4223 id
1347 4162 1425 4243 quod
1446 4163 1483 4226 ad
1505 4164 1700 4226 differentiora

156 4291 612 4386 pnhaenomenornm'staticornnr
633 4317 663 4370 et
684 4310 918 4373 mechanicorum
940 4312 970 4371 iu
990 4311 1190 4374 electricitatis
1212 4311 1368 4394 disciplina
1389 4299 1486 4376 d‘ncet.

317 4458 408 4535 Quod
442 4457 479 4520 ad
509 4460 636 4540 priorem
670 4478 730 4519 rem
760 4464 881 4538 attinet,
903 4483 989 4540 qunur
1012 4460 1158 4524 diversam
1180 4483 1341 4543 processus
1362 4464 1492 4524 electrioi
1515 4455 1625 4543 parteur
1646 4472 1699 4525 aut

153 4626 261 4688 eorpus
282 4615 333 4669 ant
353 4613 485 4688 corporis
506 4613 585 4671 vires
606 4607 749 4686 habeant,
768 4609 843 4672 haec
864 4618 964 4675 autin
987 4619 1196 4696 quantitative,
1217 4621 1268 4675 ant
1289 4616 1318 4674 in
1339 4613 1512 4693 qualitativa
1533 4612 1697 4675 differentia
1807 4659 1809 4664 -

150 4758 250 4838 posita
283 4765 354 4822 esse'
388 4767 496 4842 potest.
538 4757 639 4837 Prior,
675 4759 705 4824 id
732 4768 780 4825 est
801 4766 974 4856 quantitatis
996 4763 1175 4844 differentia,
1196 4772 1298 4872 nostra
1320 4761 1519 4828 declaratione
1539 4761 1697 4844 significat,
1726 4776 1744 4784 ”
