3712 5258
832 419 1045 557 ,an-

315 689 392 753 Post
421 689 663 764 ohservationes,
690 669 800 770 quibus
829 682 960 751 calorem
978 687 1138 766 imaginum
1159 675 1308 748 auctorem
1330 703 1400 747 esse
1420 685 1566 767 probasse
1586 704 1620 746 se
1641 705 1704 746 cre·
1729 673 1732 679 ⁴

88 829 92 838 ’
156 840 215 920 dit,
249 859 370 925 onmem
404 842 579 922 praecipuas
613 859 691 901 nuuc
720 839 782 919 jam
816 822 1060 914 commemorari,
1091 836 1128 900 cl.
1163 835 1326 899 llnntius
1360 836 1471 898 caloris
1498 837 1622 898 allectus
1642 843 1702 897 tam

156 992 301 1056 sublimes
331 949 403 1052 esse
435 988 601 1068 contendit,
630 996 663 1052 ut
679 990 741 1069 jam
763 987 923 1048 litterarum
939 1007 961 1049 a
983 985 1083 1049 charta
1105 986 1314 1068 typographica
1337 986 1500 1049 ditierentia
1522 983 1702 1062 (differentia

105 1190 109 1195 .
155 1149 206 1205 eut
237 1140 344 1233 caloris
376 1139 600 1219 conductionis,
631 1088 682 1202 aut
703 1137 809 1200 caloris
830 1134 977 1219 epecihei,
997 1143 1050 1199 ant
1070 1158 1147 1219 quae
1167 1136 1413 1231 siguificarievnlt
1434 1135 1472 1201 cl.
1501 1135 1701 1212 Hnutinsi)

154 1256 318 1396 ediliceret,
340 1290 377 1353 ad
399 1289 643 1390 distinctissimae
664 1289 824 1351 litterarum
846 1289 984 1366 imaginis
1005 1289 1235 1370 expressionem.

206 1460 226 1505 ,¹
299 1441 392 1529 ¹''l'um
426 1398 567 1504 ratiobenr
603 1437 759 1514 describit,
793 1456 852 1519 quo
887 1435 974 1500 modo
1007 1437 1126 1502 tabulas
1144 1387 1318 1500 ‘mentitum
1340 1440 1498 1513 construit,
1516 1417 1552 1499 ⁴ut
1572 1437 1700 1516 optimus
1752 1434 1755 1443 '

82 1571 92 1587 ‘
129 1560 133 1565 ⁴
155 1532 213 1656 albi
234 1593 365 1653 evenerit
386 1611 565 1668 successus,
586 1609 662 1670 quae
682 1592 756 1650 ratio
776 1585 931 1684 haee'iere
952 1594 1008 1654 est.

314 1740 431 1803 Tabula
453 1759 559 1820 cuprea
580 1737 751 1820 hydrargiro
774 1740 879 1800 uitrico
901 1735 1061 1818 oxydulato
1083 1734 1220 1815 illinitus,
1243 1739 1329 1818 eique
1351 1736 1484 1800 frictione
1511 1744 1615 1817 guttae
1646 1736 1701 1817 hy·

116 1859 128 1871 „
156 1890 321 1970 drargireae
342 1890 502 1966 speculans
524 1887 621 1951 datur
631 1862 818 2001 superlicies3
840 1885 986 1967 ejusmodi
1008 1895 1198 2003 consurretae
1219 1870 1338 1993 tabulae
1359 1908 1465 1968 corpus
1497 1886 1575 1967 qnod
1604 1884 1700 1963 expri-

157 2039 292 2102 meirdum
314 2048 362 2103 est
382 2042 554 2122 imponitur,
574 2047 621 2116 et,
643 2038 744 2102 tabula
764 2042 857 2101 vitree
878 2044 1047 2145 supertecta
1069 2040 1167 2100 omnia
1189 2045 1367 2118 premuntur.
1407 2037 1475 2099 lloc
1501 1984 1589 2099 modo
1616 2056 1703 2098 exor-
1746 2050 1749 2057 ’

91 2164 93 2171 ¹
157 2189 281 2254 diens·
274 2211 371 2268 unago
402 2191 538 2270 singulas
569 2205 672 2252 omnes
702 2195 803 2270 partes
824 2186 1050 2251 distinctissime
1072 2148 1218 2264 ostendit,
1240 2190 1302 2248 ιιι·
1294 2206 1360 2267 ipse
1380 2189 1489 2266 reperi,
1511 2186 1700 2248 nihilomiuus

62 2391 73 2421 ,
159 2359 214 2401 uec
235 2337 350 2400 cuidam
373 2340 482 2402 caloris
503 2341 619 2401 effectui
640 2359 734 2414 neone
755 2338 893 2400 electrico
914 2314 1070 2432 processui
1091 2334 1285 2400 adscribenda
1307 2341 1370 2412 est,
1394 2332 1450 2396 sed
1472 2334 1703 2416 lithographieee

102 2516 104 2521 ·
157 2488 254 2553 alieni.
284 2447 426 2549 xPrimum
448 2483 747 2566 euim-hydrargirum
769 2487 896 2546 minimis
917 2481 1131 2566 pinguitudinis
1152 2483 1306 2564 particulis
1328 2486 1451 2545 maxime
1472 2483 1615 2546 sensibile
1630 2505 1700 2548 esse

157 2623 284 2714 seimus,
315 2644 387 2699 surrt
416 2631 527 2699 antem‘
544 2588 689 2723 imagines
709 2589 843 2713 quassi.
864 2631 1028 2696 lluutius
1053 2635 1209 2716 proposuit
1230 2653 1248 2696 a
1268 2632 1369 2713 figuris
1390 2632 1472 2712 liguo
1494 2607 1616 2712 incisis,
1635 2591 1703 2696 sive

112 2742 115 2747 Ι
157 2788 303 2850 alitteris
334 2789 447 2867 pressis
479 2783 655 2864 (gedrnchte
686 2783 811 2862 Schrilt)
834 2788 980 2864 orientes,
1006 2804 1092 2864 qurum
1115 2783 1154 2846 ob
1175 2804 1235 2846 rem
1256 2786 1410 2859 atramenti
1432 2779 1628 2864 pinguitudini
1649 2785 1703 2847 ed-

160 2935 335 3000 scrihautur.
376 2927 530 3019 Secundo,
552 2904 584 2997 ut
604 2921 762 3016 pigmentis
782 2954 860 3018 aqrra
882 2933 983 2997 dilutis
1004 2932 1129 3009 eundem
1152 2953 1328 2996 successum
1349 2952 1492 3014 assequar
1514 2934 1625 3012 studui,
1645 2891 1701 2998 sed

159 3106 255 3168 usque
288 3092 452 3147 atramento
483 3089 653 3166 scriptoria,
686 3106 779 3166 neque
800 3089 884 3168 sepia
904 3087 1049 3162 imagines
1070 3036 1146 3146 tales
1168 3083 1409 3171 albei-poteraut.
1451 3083 1554 3148 'l'ertio
1576 3085 1703 3169 denique

109 3234 327 3343 t'h⁰l⁰⁸¹¹,¹⁰di
358 3239 517 3314 imagines,
548 3243 580 3296 nt
610 3236 646 3299 cl.
676 3235 838 3299 Huutins
859 3239 926 3317 ipse
946 3234 1032 3312 dicit,
1053 3203 1382 3314 lacile¹abstergeutnr,
1404 3255 1509 3318 qua
1483 3256 1514 3297 re
1536 3236 1622 3298 ualde
1639 3238 1702 3317 jam
1735 3305 1738 3309 ἵ

87 3424 89 3433 ·
153 3370 297 3495 'differunt
316 3406 335 3446 a
355 3388 493 3448 ceteris
485 3389 643 3464 imaginum
664 3385 823 3468 speciebus
845 3385 926 3448 firme
947 3385 1191 3464 adhaerentibus,
1223 3389 1347 3449 maxime
1367 3405 1386 3450 a
1407 3386 1515 3449 caloris
1537 3393 1568 3448 et
1588 3387 1704 3449 electri·

73 3513 79 3519 ⁶
158 3539 258 3608 citatis
279 3535 486 3624 imaginibus
477 3558 507 3598 ru
529 3539 673 3598 internum
695 3536 927 3616 penetrantibus
967 3536 1049 3616 Quin
1071 3555 1142 3599 vero
1162 3539 1281 3598 omniuo
1308 3537 1458 3599 litterae
1450 3559 1480 3598 m
1506 3500 1608 3609 tabule
1633 3558 1705 3602 sese
1731 3627 1732 3630 Ἴ

160 3692 319 3770 exprimere
351 3677 486 3768 possint,
522 3685 603 3764 (nt
594 3707 624 3747 ιιι
650 3691 843 3750 annotatione
864 3686 903 3753 cl.
924 3686 1054 3761 Huutii
1076 3686 1296 3751 dissertationis
1318 3686 1517 3792 contenditur)
1540 3689 1631 3768 longe
1649 3687 1706 3752 ab·
1709 3705 1714 3713 ·
1732 3645 1741 3671 l

160 3853 229 3905 snm
256 3846 290 3900 ut
320 3836 466 3914 dubitem,
498 3857 589 3920 quum
610 3832 660 3915 vel
679 3841 744 3929 ipse
766 3846 796 3900 et
816 3839 1008 3903 electricitate
1028 3845 1058 3901 et
1079 3839 1116 3901 cl.
1138 3838 1297 3903 Moserii
1317 3797 1460 3902 rationem
1482 3847 1606 3903 secutus
1627 3842 1703 3920 opti-

160 4005 226 4049 mas
256 3991 432 4068 acceperim
454 3991 608 4070 imagines.
650 3987 712 4052 Sed
745 3988 849 4052 modus
879 4012 899 4098 a
927 3993 964 4054 cl
984 3991 1130 4057 liuntio
1142 3991 1274 4071 prolatus
1296 4011 1354 4055 noa
1375 3989 1415 4054 ad
1434 3998 1566 4063 nostram
1588 3998 1706 4076 spectat

92 4218 102 4244 Ι
137 4108 237 4227 ἐπι,
258 4135 314 4205 sed
335 4136 558 4222 lithographiam
577 4147 691 4204 tautum
713 4139 820 4203 hebere
840 4160 1013 4223 possumus.

321 4287 451 4350 Omnino
482 4308 552 4367 ergo
582 4295 727 4386 imagines
759 4313 776 4354 e
801 4312 891 4375 pnrva
913 4291 1055 4356 distantia
1077 4296 1207 4357 orientes
1229 4314 1324 4376 neque
1343 4293 1402 4356 luci
1424 4313 1519 4375 neque
1539 4291 1629 4354 calori
1649 4237 1706 4357 ad-

160 4427 336 4538 scribendas
359 4460 444 4522 esse,
465 4439 520 4506 sed
541 4439 679 4505 electrico
703 4443 830 4526 quodam
849 4449 1020 4532 processui,
1041 4446 1107 4531 (qur
1119 4453 1225 4512 tamen
1246 4446 1306 4511 illis
1327 4449 1430 4537 augeri
1451 4450 1552 4537 potest
1572 4441 1703 4522 viribus)

117 4604 121 4608 ¹
161 4608 279 4654 tendet).
